3036 5150
643 413 674 478 u
881 420 884 428 ¹
1104 397 1211 481 'tre

196 586 264 651 781.
288 607 324 648 ru
348 603 524 656 suenone
540 605 651 648 nourr
663 634 671 650 .
685 583 879 650 Veronensis
896 583 996 650 editio
1012 591 1043 651 et
1058 585 1214 653 Marullus

125 709 301 760 rseuosn.

194 789 1214 875 783.nemeseuscenonas‚Omnespraeterveteresmem·
1306 793 1313 802 '

123 893 226 958 branae
248 913 443 959 conones.

193 995 263 1062 785.
287 1015 361 1066 Quo
384 1013 614 1066 Qnuuauruu
635 1015 747 1059 ursus
770 1013 871 1058 ouun
894 1014 953 1057 suu
975 1014 1120 1063 surus.
1144 995 1214 1060 Hae

121 1099 197 1164 nihili
212 1117 284 1164 esse
300 1096 475 1163 Lambinus
491 1094 630 1162 ostendit
645 1096 784 1181 invitus,
801 1096 876 1161 dum
893 1095 939 1162 ita
954 1097 1105 1182 exponit,
1122 1097 1214 1181 ‘qua-

122 1201 232 1266 dratum
262 1219 303 1266 ex
330 1189 500 1281 triangulis
530 1195 650 1264 laetum
679 1205 771 1264 entra
797 1199 961 1282 triangula
987 1206 1055 1283 est,
1087 1219 1152 1266 non
1181 1200 1213 1266 iu

17 1315 22 1399 ξ
122 1303 276 1386 triangulis
294 1303 317 1367 .’
343 1300 492 1368 Gitanius
519 1299 625 1366 minus
647 1319 878 1386 perversam,
909 1299 967 1366 sed
989 1307 1101 1368 uentre
1122 1302 1213 1370 verbi

16 1444 22 1463 .
121 1405 335 1490 proprietatem
347 1449 359 1488 ,·
378 1402 484 1478 feretra
495 1451 504 1486 ,
520 1402 561 1496 iu
583 1401 751 1487 superfieie
774 1407 806 1468 et
826 1401 948 1468 ambitu
964 1405 986 1466 .’
1010 1402 1213 1470 seribendum

15 1524 19 1595 ξ
120 1514 238 1594 estque
260 1503 452 1593 quadratum
472 1505 577 1570 mines
599 1528 687 1572 omne
708 1505 750 1569 sit
771 1525 818 1567 ux
839 1525 925 1570 nrs.

13 1666 18 1710 ἓ
194 1609 264 1676 788.
295 1627 369 1678 Quo
397 1626 507 1671 suern
528 1627 574 1668 nr
596 1627 764 1671 rnurcrru
787 1627 1004 1673 narsusuus
1028 1656 1037 1675 .
1059 1609 1102 1674 Et
1124 1609 1214 1674 emit·

119 1712 151 1776 tit
170 1711 328 1794 oblongus
351 1715 403 1787 et,
425 1707 489 1774 nisi
512 1707 627 1792 fallor,
652 1707 729 1774 olim
752 1708 919 1794 impressi,
943 1716 1029 1776 eerte
1051 1710 1212 1778 Venetus.

13 1800 17 1819 '
119 1815 259 1880 elatea
280 1833 328 1876 ur
349 1811 525 1876 tribuamus
542 1809 709 1876 verissime
731 1810 898 1876 Turnebus
920 1817 952 1876 et
973 1812 1170 1878 Lambinus.

193 1917 264 1982 790.
287 1933 360 1978 ses
382 1933 475 1977 anns
498 1931 667 1976 cusanus
684 1960 692 1995 ‚
708 1913 841 1984 Nasus
864 1934 978 1978 urens
1001 1935 1145 1978 sunaus
1166 1937 1213 1979 us

117 2039 253 2101 stersus,
277 2037 344 2080 sun
367 2036 496 2080 vsnrrs
519 2035 564 2078 na
588 2063 596 2079 .
620 2014 777 2080 Antonius
800 2015 893 2080 Marii
915 2037 1113 2082 cassurus
1134 2018 1213 2083 Nae

117 2145 188 2206 paee
204 2169 211 2185 .
227 2119 347 2186 deinde
369 2118 544 2184 Lambinus
573 2115 631 2183 sed
655 2119 757 2184 variis
783 2118 844 2183 de:
866 2117 1087 2186 Wakefieldus
1114 2121 1212 2206 paulo

13 2277 14 2288 r
117 2223 224 2288 reetins
245 2223 347 2288 variis
369 2243 439 2288 ux.

13 2362 18 2414 7
191 2326 264 2391 800.
288 2325 413 2390 Rscns
442 2344 516 2388 sur
543 2341 711 2393 oaureua
734 2359 774 2368 —
796 2343 991 2386 urrunnun
1015 2371 1023 2389 .
1046 2324 1131 2390 Ante
1158 2339 1214 2392 aut

117 2427 267 2511 oblongus
290 2424 387 2492 hebet
404 2425 452 2511 ᾇ,
476 2424 653 2510 quadratus
675 2450 695 2510 q
716 2424 794 2506 (non
810 2449 830 2510 q
835 2421 861 2509 5)
882 2421 941 2490 sed
964 2429 1097 2510 uterque
1118 2446 1214 2511 pune

117 2529 151 2596 tis
170 2549 268 2614 supra
289 2534 322 2594 et
336 2527 421 2594 intra
435 2529 549 2614 positis
564 2527 750 2594 damnatum
767 2575 774 2590 .
790 2547 976 2591 urrunnun
996 2545 1052 2594 eur
1074 2526 1214 2594 seriben-

118 2629 183 2698 dum
206 2631 249 2698 sit
269 2629 375 2696 diuam
398 2630 441 2697 ad
462 2631 578 2698 librum
600 2652 631 2708 v,
648 2629 734 2695 768.

10 2809 11 2814 1
193 2733 266 2801 803.
295 2753 415 2797 cnseo
438 2755 494 2797 srr
515 2753 638 2798 ausae
661 2749 834 2795 rrnoro.
857 2728 1041 2809 Quadratus
1064 2733 1151 2800 claro
1173 2735 1215 2800 sit

117 2837 199 2902 reiro
211 2884 220 2900 .
233 2834 409 2902 Brixiensis
425 2835 523 2903 editio
539 2841 571 2903 et
584 2833 780 2902 Veronensis
801 2833 892 2898 olera
913 2835 955 2900 eit
975 2835 1093 2917 rubro,
1109 2835 1136 2900 si
1153 2834 1215 2901 Ge

117 2936 204 3004 ratde
220 2936 415 3004 eredendum
429 2945 496 3004 est:
515 2957 590 3005 nam
612 2937 654 3004 de
668 2937 794 3004 Veneta
812 2939 845 3002 et
859 2934 1043 3002 Arentinus
1057 2937 1124 3002 seio
1141 2957 1214 3004 eum

116 3037 243 3123 fellere,
258 3057 343 3124 quae
365 3038 485 3108 habent
503 3042 591 3108 elaro
612 3042 655 3106 sit
675 3059 820 3122 nusae,
843 3043 879 3104 ut
893 3037 1051 3104 Antonius
1066 3037 1160 3104 Marii
1183 3045 1216 3105 et

116 3139 291 3209 binmllns.
315 3148 456 3208 eeterum
477 3143 510 3208 in
533 3142 595 3210 boe
616 3161 712 3209 versu
735 3137 876 3207 absurde
897 3137 1120 3206 Wakefieldus
1143 3159 1215 3206 eum

9 3275 10 3284 κ
116 3261 168 3308 sua
189 3243 314 3310 familis
335 3245 481 3332 Namque
502 3245 571 3312 alie
597 3265 636 3311 ex
663 3243 739 3310 olim
760 3240 956 3328 impressis.
984 3241 1069 3308 abiu
1096 3241 1216 3309 babent

117 3351 254 3432 veteres,
271 3346 449 3430 Antonius,
466 3346 640 3431 Marullus,
657 3345 836 3413 Aventius.

9 3525 10 3534 ἵ
194 3449 266 3516 808.
293 3449 413 3514 Iunas
440 3467 662 3514 cnunnuunrr
690 3467 833 3512 vrurnrs
863 3465 1025 3510 ursennu
1048 3466 1215 3512 zuaras-

117 3569 204 3616 nos.
227 3549 396 3634 Oblongus
417 3551 602 3618 emaraedos
623 3599 632 3618 .
656 3549 812 3632 Forbiger
834 3533 1021 3636 smernpdos
1043 3547 1122 3616 dieit
1143 3569 1216 3618 esse

117 3648 283 3719 ‘meliorem
304 3653 393 3719 aurei
418 3653 491 3720 aevi
514 3652 736 3739 seripturam':
758 3671 818 3718 nes
839 3649 900 3718 hae
915 3649 1022 3717 ferrea
1036 3657 1142 3718 aetate
1164 3673 1217 3719 ve

117 3754 356 3822 iustissimorum
378 3755 612 3842 exemplarium
635 3753 730 3822 fidem
752 3771 943 3838 sequemur.
959 3751 1044 3818 idem
1060 3753 1217 3838 rorbigm

119 3855 157 3920 de
176 3857 318 3924 caeruleo
340 3875 445 3940 nugas
467 3858 558 3942 agit:
580 3855 749 3924 verissime
770 3855 856 3922 enim
875 3853 1096 3922 Wakefieldus
1118 3861 1150 3922 et
1170 3856 1217 3922 illi

118 3957 227 4026 eximie
249 3961 408 4046 seumini,
425 3980 487 4044 quo
509 3961 631 4026 utinam
650 3979 692 4026 ne
706 3959 896 4044 plerumque
918 3955 1003 4022 mile
1024 3955 1145 4024 abusus
1168 3979 1218 4026 es·

118 4066 162 4125 set
175 4111 183 4145 ‚
198 4063 424 4130 eonvenienter
438 4062 568 4148 seripsit
581 4061 669 4128 Inter
684 4080 880 4125 cunnnruu
896 4105 904 4122 .
926 4057 977 4123 eui
992 4063 1142 4142 poterant
1157 4060 1219 4128 boe

119 4169 196 4229 eerte
222 4165 273 4231 vel
295 4163 463 4247 Ferbigeri
491 4161 642 4248 eredere,
665 4162 820 4230 Serenum
842 4160 1047 4228 Samouieum
1069 4161 1132 4229 hue
1153 4183 1218 4232 res-

119 4267 260 4352 perisse,
287 4286 359 4332 eum
385 4265 539 4332 seriberet
565 4265 624 4331 bes
650 4284 762 4332 versus
778 4263 864 4348 951,
893 4261 1061 4330 &realium
1086 4289 1159 4332 vero
1188 4269 1223 4334 si

120 4367 190 4433 eollo
204 4383 322 4435 nectere
335 4367 453 4450 males,
466 4367 515 4434 Ne
530 4366 651 4434 dubim
661 4367 718 4434 tib
733 4365 852 4432 virides
866 4364 997 4432 miseere
1010 4367 1216 4454 emarapdos.

196 4469 268 4536 806.
293 4490 414 4534 usaue
438 4489 510 4534 eurr
531 4490 627 4535 nucu
648 4489 816 4533 suranna
837 4489 928 4532 usn.
952 4466 991 4532 In
1017 4465 1077 4533 hee
1098 4487 1219 4552 genere

122 4567 272 4636 interdum
285 4579 410 4641 veteres
427 4571 495 4640 lece
509 4573 596 4640 eluro
611 4578 644 4638 et
652 4573 760 4661 primo
776 4571 844 4639 luci
855 4569 978 4636 dixisse
993 4575 1136 4637 constet:
1159 4571 1218 4639 sed
