2996 5148
269 1357 319 1439 u.
350 1356 642 1442 nuunuur
673 1357 830 1442 cunr

97 1594 206 1692 DE
254 1594 578 1696 RERUM
623 1595 1001 1708 NATURA

366 1842 505 1908 LIBER
533 1843 734 1910 SEXTUS.

28 2307 119 2424 Priore
139 2359 327 2446 frugiparos
351 2359 433 2425 l'elus
456 2362 643 2428 mortalibus
664 2365 772 2446 aegris

28 2467 160 2540 lididenrol
182 2475 352 2560 quondam
375 2477 541 2559 praeclaro
564 2477 691 2543 nomine
716 2479 881 2556 Athenae,

28 2591 40 2644 l
56 2597 259 2656 recreaverunt
282 2589 381 2655 vitam
405 2591 557 2674 legesque
581 2601 751 2678 rogarunt,

29 2701 153 2782 lorinus
176 2705 341 2771 dederunt
363 2706 485 2771 solania
509 2705 616 2772 rluloia
638 2707 741 2790 vitae,

28 2831 62 2876 uu
80 2838 210 2900 genuere
233 2820 342 2886 virum
363 2821 421 2885 tuli
445 2841 517 2886 onur
541 2821 635 2887 eorde
658 2795 838 2907 repertum',

28 2932 92 2994 unia
111 2935 251 3002 veridico
279 2933 332 3016 qui
357 2935 518 3018 quondum
542 2957 580 3001 ex
604 2957 657 3000 ore
681 2936 840 3020 profudit3

28 3043 96 3121 ulus,
110 3057 139 3113 et
159 3049 316 3124 extincti,
332 3057 464 3134 propter
486 3051 596 3116 divina
619 3057 745 3136 reperta

28 3155 143 3242 irolgala
163 3173 261 3231 vetus
285 3165 350 3228 iam
374 3165 414 3228 sd
438 3167 561 3231 caelum
585 3166 689 3248 gloria
711 3165 830 3230 fertur.

28 3289 62 3335 rur
83 3297 145 3342 rnrn
168 3281 249 3345 vidit
276 3281 326 3344 hio
349 3279 392 3344 sd
414 3281 530 3345 rictum
553 3301 637 3362 qrrne
659 3281 784 3363 flagitat
806 3301 882 3346 usus

28 3389 94 3454 unia
114 3393 174 3458 loru
198 3395 303 3462 ferme
326 3395 514 3460 mortalibus
538 3415 609 3461 esse
632 3403 767 3481 persta,

28 3503 106 3585 turo
128 3529 222 3590 quarn
248 3517 380 3594 posset,
397 3512 492 3574 vitam
517 3510 690 3577 consistere
713 3519 832 3596 tutam,

28 3611 101 3684 initiis
121 3621 269 3690 homiues
292 3633 323 3689 et
346 3625 466 3690 honore
492 3635 523 3692 et
545 3625 643 3692 laude
666 3628 804 3711 potentis

28 3726 115 3802 liuere
137 3747 233 3823 atque
257 3740 342 3804 bona
365 3747 533 3824 gnatorunr
557 3742 715 3808 excellere
739 3741 845 3827 lours,

28 3861 53 3906 er
71 3853 164 3919 miuus
188 3873 264 3921 esse
285 3831 374 3919 'dorni
399 3857 547 3938 cuiquam
571 3864 678 3922 tumen
702 3859 797 3922 anxia
820 3859 938 3932 cordo,

28 3964 82 4038 lune
102 3968 198 4034 animi
221 3970 360 4052 ingratis
382 3971 477 4036 viram
503 3991 618 4038 vexare
643 3973 792 4054 querellis

28 4077 164 4163 utrimque
186 4084 314 4151 infestis
338 4087 427 4170 oogei
451 4087 573 4153 saevire
596 4087 743 4171 peririis,

35 4365 125 4412 aegros.
146 4357 159 4424 ῙΙ
179 4357 295 4407 erronei
318 4355 331 4425 ΙΙ
353 4359 494 4408 textinote
514 4357 527 4426 l}
551 4359 749 4409 llluuortnlibus
773 4363 785 4426 [l
815 4365 843 4410 ll
864 4375 964 4426 possent
985 4365 997 4432 Η
1021 4369 1108 4415 13ex·

28 4433 81 4488 llere
98 4439 111 4507 ΙΙ
133 4448 162 4492 14
181 4445 271 4494 cordi.
291 4443 306 4516 ΙΙ
331 4443 361 4494 lli
382 4447 466 4496 Pausa
484 4455 559 4510 utque
579 4443 594 4516 ΙΙ
615 4455 689 4510 coget
709 4444 722 4516 ΙΙ
743 4449 878 4510 querellis.
