2996 5148
552 447 596 513 Vl

19 639 32 686 o
48 617 132 699 arguit
150 625 179 684 et
198 618 349 702 liquidam
371 619 488 684 molem
513 637 709 704 camposque
731 620 895 686 natantis?

47 741 185 816 praetereo
206 735 230 798 si
252 735 319 798 vult
340 753 513 800 caveamus
535 733 678 800 fulminis
700 735 816 814 ictum,

48 869 89 913 cur
106 847 218 914 dubitat
238 847 348 914 facere
370 854 406 912 ut
424 847 585 934 possimus
607 867 737 914 cernere
759 849 921 914 missum?

49 965 66 1026 si
83 983 131 1028 nec
151 963 305 1047 opinantis
328 969 433 1030 autem
456 962 525 1029 volt
547 962 729 1046 opprimere
751 964 839 1047 igni,

48 1085 183 1144 contonat
203 1097 241 1144 ex
264 1079 322 1144 illa
344 1084 454 1162 parto,
470 1084 507 1142 ut
521 1077 630 1142 -vitane
654 1097 829 1159 queamus,

19 1211 33 1258 ιι
49 1213 87 1256 ιιι
104 1195 239 1258 tenebras
261 1203 338 1259 anto
361 1201 391 1258 et
414 1193 559 1258 fremitus
582 1197 615 1258 et
635 1213 797 1258 murmura
819 1191 949 1258 conciti

49 1319 69 1370 et
85 1308 163 1372 simul
184 1309 217 1372 in
240 1310 360 1373 multas
382 1309 485 1392 partis
509 1308 562 1390 qui
585 1308 715 1374 credere
736 1308 842 1392 possis

47 1423 165 1488 mittere?
178 1444 220 1488 an
244 1425 306 1490 hoc
329 1424 417 1489 ausis
440 1441 612 1504 numquam
635 1421 828 1488 contendere
850 1422 988 1506 lachim,

50 1547 71 1597 ιι
88 1537 183 1603 fierent
203 1540 285 1604 ictus
309 1559 374 1604 uno
397 1539 457 1605 sub
480 1545 622 1622 tempore
644 1536 780 1623 plures?

48 1666 70 1712 at
86 1659 195 1737 saepest
217 1673 353 1720 numero
375 1653 493 1720 faotauu
516 1652 648 1736 fierique
670 1659 855 1728 necessest,

19 1778 71 1856 unt
88 1767 181 1848 pluere
201 1770 234 1834 in
257 1767 368 1832 multis
390 1767 578 1850 regionibus
602 1775 634 1832 et
655 1767 770 1832 cadere
792 1767 922 1844 imbris,

19 1957 20 1972 χ
50 1879 151 1946 fulmina
171 1884 215 1948 sic
238 1899 305 1947 uno
329 1882 398 1948 fieri
421 1884 480 1948 sub
504 1891 647 1967 tempore
670 1883 787 1946 multa.

51 2005 173 2078 postremo
196 2020 252 2065 our
276 2005 390 2064 sancta
411 1997 506 2063 deum
531 1997 665 2062 delubra
686 2016 826 2079 suasque

53 2109 143 2176 licutit
163 2113 279 2180 infesto
303 2113 489 2197 praeclaras
510 2111 644 2178 fulmine
666 2114 759 2178 sedes

59 2226 150 2292 clune
171 2227 259 2294 facta
281 2227 379 2293 deum
401 2226 521 2311 liangit
541 2227 712 2292 simulacra
735 2227 864 2309 suisque

20 2352 48 2394 m
62 2337 115 2405 luit
134 2343 331 2425 imaginibus
352 2343 495 2408 violento
516 2340 648 2407 volnere
670 2339 852 2407 honorem?

59 2451 142 2537 lisque
164 2479 219 2525 cur
240 2459 432 2544 plerumque
454 2456 534 2542 petit
556 2456 643 2533 loco,
659 2456 858 2540 plurimaque
881 2455 950 2521 eius

56 2572 173 2638 northus
194 2573 228 2636 in
253 2572 388 2639 summis
410 2571 546 2656 vestigia
569 2571 728 2636 cernimus
749 2570 861 2651 ignis?

75 2683 146 2760 Quod
166 2707 265 2772 super
287 2695 358 2764 est,
375 2687 499 2752 facilest
522 2705 562 2750 ex
586 2685 636 2750 his
659 2705 854 2770 cognoscere
876 2687 994 2762 rebus,

51 2809 170 2874 presteras
192 2801 306 2868 Graiei
330 2821 411 2885 quos
432 2803 475 2868 ab
498 2821 532 2866 re
553 2802 802 2886 nominitarunt‚

20 2909 160 2983 bunone
182 2937 250 3002 qua
273 2917 362 2982 missi
385 2919 513 2984 veniunt
536 2918 658 2984 ratione
681 2935 840 3002 superne.

50 3043 97 3090 um
116 3031 145 3096 ft
165 3041 200 3098 ut
220 3034 307 3098 inter
329 3035 405 3097 dum
427 3041 493 3098 mm
516 3051 614 3115 quam
636 3032 775 3098 demissa
797 3031 947 3098 columne

49 3137 68 3202 in
84 3163 156 3212 nore
177 3147 218 3212 de
241 3148 336 3212 eaelo
360 3147 555 3230 descendet,
572 3165 668 3230 quam
691 3147 775 3213 freta
797 3148 912 3212 circum

50 3253 194 3328 senescunt
215 3262 359 3344 graviter
380 3261 574 3345 spirantibus
597 3261 695 3328 incita
715 3262 844 3337 flabris,

49 3379 66 3430 et
83 3393 152 3455 quae
174 3395 314 3460 cumque
336 3377 370 3442 in
392 3395 431 3443 co
453 3383 519 3442 tum
541 3378 606 3444 sint
626 3379 788 3464 deprensa
809 3377 945 3440 tumultu

21 3490 35 3536 l·
49 3489 147 3572 corigia
167 3491 200 3557 in
223 3513 382 3558 summum
404 3492 536 3558 veniant
556 3501 673 3558 vexata
694 3491 869 3578 periclum.

49 3597 88 3664 loc
106 3605 135 3668 lit
153 3607 207 3672 uhi
228 3607 313 3672 inter
334 3605 409 3672 uum
433 3627 497 3674 non
520 3608 588 3689 quit
608 3609 658 3674 vis
679 3609 776 3674 inmte
797 3607 884 3674 venti

49 3731 162 3800 rumpere
184 3739 284 3804 quam
307 3721 412 3804 eoepit
433 3703 572 3798 nubem,
589 3722 646 3786 sed
669 3721 839 3808 deprimit,
855 3729 889 3786 nt
911 3721 952 3785 sit

49 3827 67 3887 in
83 3851 161 3900 mare
182 3835 224 3902 de
248 3835 339 3902 caclo
361 3844 427 3900 tum
450 3855 546 3918 quam
568 3837 710 3902 demissa
733 3837 902 3914 columna,

50 3945 196 4028 paulatim,
213 3951 305 4034 quasi
321 3949 403 4034 -quid
426 3969 533 4034 pugno
558 3951 747 4033 bracchique
770 3970 907 4036 superne

21 4057 166 4128 booniectu
187 4063 331 4130 undatur
354 4073 386 4132 et
408 4065 602 4132 extendatur
622 4065 654 4130 in
676 4065 801 4151 undas3

104 4237 218 4246 --—--

51 4335 86 4381 lbi
102 4339 156 4390 sirit
174 4337 185 4406 ll
206 4344 256 4390 411
273 4341 372 4391 dilnbra
392 4339 405 4410 ll
424 4345 474 4392 421
495 4343 554 4394 ioca
574 4339 588 4410 ΙΙ
607 4342 679 4406 plus.
700 4341 713 4410 ΙΙ
733 4345 785 4392 424
797 4343 864 4410 grnli
883 4341 898 4413 Η
918 4344 968 4392 446
983 4349 1035 4392 tam
1052 4355 1111 4390 cum
1125 4339 1139 4408 Η

52 4422 88 4467 tlt
104 4423 172 4476 lecito
191 4427 204 4496 ll
223 4431 275 4479 430
294 4429 397 4480 veniunt
