3052 5144
342 459 384 524 26
898 453 914 518 Ι

268 649 317 692 710
342 627 451 690 ouinia
473 635 505 692 et
527 627 559 690 in
582 647 686 690 rerurn
712 635 844 690 naturas
868 627 984 690 vertier
1009 626 1134 708 omnis,

342 759 461 821 magno
485 759 584 823 opere
607 760 627 804 a
649 761 724 806 vero
745 741 841 823 longe
864 739 1015 805 derrasse
1036 739 1202 804 videntur.

342 853 428 919 adde
452 855 549 919 etiam
572 856 626 936 qui
649 854 877 939 conduplicant
897 855 1073 938 primordia
1095 874 1220 937 rerum,

343 976 422 1033 ae'ra
444 968 615 1050 iungentes
637 970 723 1053 igni,
746 975 929 1050 terramque
952 969 1088 1050 liquori,

343 1083 452 1164 etqui
475 1091 624 1165 quattuor
647 1103 685 1148 ex
709 1083 805 1148 rebus
826 1103 922 1166 posse
946 1083 1054 1148 omnia
1076 1089 1184 1147 rentur

268 1219 316 1264 715
345 1217 383 1261 ex
407 1197 472 1282 igni
496 1204 582 1262 terra
605 1205 701 1280 atque
724 1199 834 1262 anima
857 1217 1059 1282 procrescere
1082 1205 1114 1262 et
1136 1197 1250 1261 imbri.

342 1332 476 1390 quorum
501 1313 738 1393 Acragantinus
759 1333 831 1376 cunr
855 1311 965 1396 primis
989 1311 1202 1396 Empedocles
1224 1321 1292 1394 est,

343 1425 448 1489 insula
472 1447 566 1507 quenl
588 1427 749 1508 triquetris
771 1433 926 1491 terrarum
950 1427 1051 1507 gessit
1073 1427 1104 1489 in
1128 1427 1213 1510 oris,

342 1559 439 1620 quam
461 1539 591 1604 fluitans
613 1542 731 1606 circum
754 1542 882 1622 magnis
906 1539 1104 1606 anfractibus
1127 1561 1249 1623 aequor

343 1653 466 1718 lonium
489 1655 616 1736 glaucis
638 1657 783 1739 aspargit
806 1657 892 1722 virus
914 1659 957 1722 ab
980 1656 1095 1732 undis,

269 1789 318 1834 rae
343 1776 546 1852 angustoque
569 1769 651 1832 fretu
675 1761 822 1854 rapidum
844 1791 933 1836 rncre
955 1771 1067 1836 dividit
1086 1769 1214 1842 undans

344 1883 457 1947 ltaliae
479 1895 636 1947 terrarum
660 1903 735 1948 oras
757 1905 778 1948 a
800 1885 916 1950 finibus
942 1886 1031 1951 eius.

341 1996 392 2060 hic
415 2005 463 2061 est
486 2005 579 2062 vasta
602 1998 803 2084 Charybdis,
827 2007 858 2064 et
882 2000 932 2065 hic
955 2003 1102 2065 Aetnaea
1124 2000 1286 2064 minantur

342 2131 505 2175 murmura
526 2111 727 2178 flammarum
749 2133 873 2178 rursum
896 2133 931 2179 se
953 2114 1104 2197 colligere
1126 2115 1214 2186 iras,

342 2223 489 2291 faucibus
512 2235 642 2311 eruptos
664 2229 778 2292 iterum
801 2229 850 2293 vis
873 2237 906 2293 ut
927 2235 1036 2293 vomat
1057 2229 1141 2312 iguis

268 2359 316 2404 725
342 2337 385 2402 ad
410 2342 599 2424 caelumque
622 2341 707 2406 ferat
727 2343 868 2407 llarumai
890 2342 1020 2424 fulgura
1041 2363 1185 2410 rursum.

342 2472 427 2533 quae
450 2473 520 2517 curn
543 2477 663 2539 magna
685 2457 789 2522 modis
812 2457 918 2521 multis
940 2456 1091 2522 ruiranda
1112 2457 1237 2522 videtur

342 2567 492 2649 gentibus
514 2569 663 2664 humanis
684 2571 773 2650 regio
798 2559 996 2652 visendaque
1019 2571 1140 2646 fertur,

342 2681 437 2746 rebus
461 2685 570 2768 opima
593 2685 706 2766 honis,
729 2685 830 2748 multa
850 2685 975 2749 nrunita
995 2689 1097 2749 virum
1120 2687 1171 2770 vi,

343 2795 390 2860 nil
412 2805 518 2862 tamen
542 2799 603 2863 hoc
625 2798 776 2864 habuisse
798 2799 865 2863 viro
888 2799 1086 2881 praeclarius
1107 2801 1140 2863 in
1162 2821 1198 2866 se

269 2935 318 2980 re«)
342 2933 402 2978 nec
424 2923 570 2978 sanetum
592 2913 698 2994 magis
720 2919 752 2978 ct
773 2913 887 2976 mirum
910 2931 1083 2995 carumque
1103 2915 1249 2981 videtur.

341 3028 486 3092 carmina
510 3027 587 3109 quin
610 3029 708 3094 etiarn
731 3026 828 3090 divini
852 3028 990 3110 pectoris
1015 3029 1085 3094 eius

343 3141 559 3206 vociferantur
581 3149 612 3206 et
634 3149 799 3225 exponunt
820 3144 989 3226 praeclara
1014 3153 1162 3228 reperta,

343 3263 378 3318 ut
400 3255 452 3318 vix
475 3255 618 3320 humane
640 3255 787 3320 videatur
809 3257 908 3340 stirpe
930 3263 1075 3322 creatus.

383 3369 442 3434 Hic
465 3375 573 3434 tamen
596 3377 628 3435 et
650 3391 749 3454 supra
772 3391 852 3452 quos
873 3371 1012 3436 dixiurus
1033 3373 1201 3438 interiores

270 3506 318 3550 ras
344 3485 489 3567 partibus
513 3485 645 3566 egregie
667 3486 775 3549 multis
797 3486 960 3567 multoque
982 3487 1142 3560 minores.

343 3618 517 3680 quamqum
541 3599 642 3662 mults
664 3599 747 3664 bene
771 3619 809 3663 ae
833 3599 986 3664 divinitus
1007 3601 1208 3670 invenientes

341 3731 383 3777 ex
406 3713 507 3796 adyto
529 3717 596 3776 tarn
619 3731 716 3793 quarn
740 3713 845 3778 cordis
868 3735 1024 3798 responsa
1046 3715 1165 3782 dedere

341 3827 485 3890 sanctius
507 3833 539 3890 et
560 3826 660 3890 multo
684 3833 772 3890 certa
794 3828 919 3893 ratione
941 3829 1045 3914 inagis
1067 3851 1165 3912 quarn

343 3939 459 4024 Pythia
482 3958 567 4022 quae
589 3939 707 4024 tripodi
731 3961 752 4003 a
775 3941 895 4006 Phoebi
918 3943 1075 4025 lauroque
1099 3947 1268 4030 profatur,

267 4077 318 4122 rso
343 4055 511 4139 principiis
532 4055 692 4121 tamenin
716 4073 820 4118 rerum
844 4055 948 4121 fecere
970 4059 1083 4124 urinas

202 1480 222 1512 Ι

346 4323 396 4369 rre
415 4324 476 4370 vem·
499 4323 504 4388 Ι
535 4325 580 4370 ῑιι
603 4322 673 4383 rongi
695 4319 709 4386 Η
731 4322 984 4384 tresgngnnenus
1004 4323 1018 4390 p
1041 4329 1201 4376 secundis.
1223 4327 1237 4396 Η
1259 4333 1307 4380 rsr
1331 4329 1441 4380 Ηιωιιε
1457 4321 1468 4390 ll

344 4411 395 4457 724
415 4419 442 4457 ut
461 4409 558 4458 omnies
578 4407 592 4476 ΙΙ
614 4411 664 4457 ῖ25
684 4407 800 4456 flammae
820 4407 833 4474 Η
856 4410 904 4457 ῖ39
923 4421 1057 4473 precatur.
