2996 5148
354 447 417 514 ιιι
575 415 578 422 ’
897 439 940 505 vr

352 611 508 694 languida
529 612 703 676 semanimo
728 633 797 678 cum
822 633 955 696 corpore
978 613 1119 677 membra
1142 613 1269 677 videres

352 726 482 791 horrida
504 726 646 810 paedore
668 733 700 791 et
723 726 837 820 pannis
859 735 1011 812 cooperta
1034 727 1159 811 perire,

272 863 338 912 raro
355 841 515 929 [corporis
537 840 678 922 inluvie,
695 840 771 924 petii
794 861 891 925 super
912 842 1037 908 ossibus
1060 861 1125 908 una
1139 841 1164 928 ,l

261 945 269 958 ’
353 956 513 1024 ulceribus
535 955 644 1020 taetris
667 975 766 1038 prope
788 956 854 1020 iam
877 955 1028 1038 sordique
1050 957 1195 1040 sepulta.

354 1072 463 1144 omnia
485 1071 622 1153 denique
645 1075 756 1135 sancta
779 1069 875 1135 deum
896 1069 1032 1136 delubra
1055 1071 1195 1156 replerat

355 1187 542 1270 corporibus
564 1205 650 1252 mors
673 1185 829 1251 exanimis
852 1191 1050 1267 onerataque
1074 1186 1193 1270 passim

354 1307 467 1368 cuncta
489 1299 701 1367 cadaveribus
724 1301 897 1366 caelestum
920 1301 1040 1384 templa
1062 1299 1211 1382 tenebat,
1268 1335 1271 1342 ·

272 1439 337 1485 rare
354 1417 531 1501 hospitibus
552 1417 626 1482 loca
648 1435 732 1498 quae
755 1415 951 1500 complerant
972 1414 1193 1481 aedituentes.

355 1553 414 1598 uec
436 1534 498 1598 iam
521 1531 636 1614 religio
660 1531 767 1596 divom
790 1551 850 1596 nec
872 1531 1003 1596 numina
1024 1532 1133 1616 magni

354 1647 575 1733 pendebantur
598 1645 680 1712 enim
695 1669 702 1710 :
719 1665 872 1730 praesens
896 1646 988 1712 dolor
1010 1645 1246 1730 exsuperabat.

355 1783 413 1829 nec
436 1782 504 1827 mos
526 1760 581 1826 iile
604 1761 790 1845 sepulturae
814 1763 1001 1828 remanebat
1023 1762 1056 1826 iu
1078 1762 1176 1844 urbe,

354 1901 417 1963 quo
441 1878 512 1961 pius
535 1875 587 1940 bic
609 1876 746 1958 populus
769 1895 895 1960 semper
917 1883 1087 1944 consuerat
1108 1875 1253 1942 humari:

273 2018 338 2064 raso
354 1994 556 2080 perturbatus
578 1991 661 2055 enim
685 1999 769 2057 totus
791 1990 990 2075 trepidabat,
1008 1997 1040 2057 et
1061 2011 1144 2057 unus

354 2110 487 2192 quisque
510 2127 600 2172 suum
626 2127 681 2190 pro
706 2127 738 2170 re
762 2111 950 2190 conpoatum
974 2113 1112 2172 maestus
1136 2107 1311 2171 humabat.

354 2225 516 2305 multaque
538 2241 591 2288 res
612 2221 738 2288 subitae
761 2227 792 2285 et
814 2231 985 2306 paupertas
1008 2221 1138 2288 horrida
1159 2223 1287 2287 suasit:

354 2357 494 2421 namque
515 2357 591 2404 suos
613 2339 869 2418 consanguineos
891 2335 998 2402 aliena
1022 2357 1170 2419 rogorum

353 2455 483 2540 insuper
504 2460 647 2518 extructa
668 2451 790 2536 ingenti
813 2451 951 2516 clamore
975 2450 1144 2529 locabant,

272 2592 337 2640 rasa
354 2569 599 2651 subdebantque
622 2567 730 2650 iaces,
748 2567 845 2630 multo
869 2585 940 2630 cum
963 2567 1121 2651 sauguine
1148 2585 1248 2650 saepe

354 2687 495 2751 rixantes
516 2684 622 2769 potius
646 2703 741 2765 quam
766 2703 901 2767 corpora
924 2681 1165 2748 desererentur.

355 2853 555 2862 ——ffl—

360 2949 426 2996 1270
440 2945 511 3010 peliis
531 2941 544 3012 Η
567 2947 630 2993 1271
646 2941 781 2992 Vicsribus
793 2939 807 3009 Η
821 2919 943 3004 sordeque
964 2941 976 3006 Η
1000 2943 1066 2990 lata
1080 2939 1191 2990 reilerat.
1208 2952 1220 3002 p
1238 2943 1309 2991 lats
1322 2940 1436 2990 manebat.
1455 2950 1458 2993 ¹,

360 3037 421 3083 laur
439 3041 589 3096 compostum
601 3032 741 3084 omissum.
762 3027 777 3098 Η
800 3033 865 3079 12⁸2
883 3045 921 3078 res
934 3029 1073 3079 omissum.
1095 3029 1108 3094 Η
1127 3027 1226 3078 subitas
1244 3025 1259 3096 ΙΙ
1284 3031 1349 3078 1285
1362 3027 1434 3075 fonce
