3020 5146
551 481 609 550 1111

49 657 75 723 it
91 657 169 741 quasi
189 662 221 720 ut
242 655 281 721 ad
302 631 428 720 tornum
452 677 601 722 saxorum
625 663 744 723 structa
766 662 910 722 tuemur:

49 778 212 836 nontamen
232 777 265 836 ut
287 791 394 836 eoram
417 790 499 852 quae
522 778 596 836 sunt
617 791 757 855 vereque
778 771 935 846 rutunda,

50 887 91 951 sed
110 886 191 968 qnasi
212 885 421 952 adumbratim
445 885 575 969 paulum
599 885 749 951 simulata
772 887 936 952 videntur.

49 1001 135 1064 unnhra
153 999 272 1066 videtur
293 1001 370 1066 item
394 1001 487 1066 nobis
509 1001 542 1064 in
565 1000 631 1064 sole
654 1001 774 1065 moveri
797 983 811 998 ⁶

52 1121 74 1176 ct
90 1115 207 1196 vestigia
229 1122 338 1180 nostra
361 1114 451 1196 sequi
475 1120 662 1196 gestumque
685 1115 822 1194 imitari;

49 1233 104 1290 nera
121 1228 144 1292 si
165 1228 262 1294 credis
284 1229 445 1314 privatum
469 1229 588 1294 iumine
610 1249 706 1312 posse

48 1339 201 1423 indugredi,
217 1350 323 1409 motus
346 1343 506 1406 hominum
530 1349 717 1424 gestumque
741 1349 946 1425 sequentem:

48 1475 101 1518 nam
120 1457 158 1520 nii
180 1477 247 1523 esse
270 1463 379 1542 potest
401 1457 481 1521 aiint
503 1457 563 1521 nisi
580 1446 698 1522 lumine
721 1479 832 1523 cassus

49 1576 88 1630 aer
105 1571 132 1633 id
151 1573 231 1652 quod
255 1593 319 1636 nos
338 1571 484 1636 umbram
507 1571 675 1654 perhibere
698 1579 844 1637 suemus.

46 1683 68 1744 ni
86 1678 179 1748 mimnin
193 1735 200 1769 ,
216 1687 292 1768 quia
316 1693 400 1751 terra
421 1685 501 1752 iocis
524 1705 564 1751 ex
586 1686 698 1752 ordine
721 1689 816 1752 centis

47 1795 136 1863 iumine
156 1801 294 1884 privatur
317 1801 395 1864 solis
419 1820 483 1882 qua
505 1819 638 1883 eumque
663 1807 804 1866 meantes

47 1911 187 1990 oiicinnus,
202 1915 345 1998 repletur
365 1915 440 1978 item
464 1913 550 1996 quod
572 1915 724 1996 liquimus
746 1915 833 1998 eim,

48 2035 181 2110 propterea
204 2031 237 2094 fit
259 2029 305 2093 uti
329 2029 494 2111 videatur,
513 2049 594 2110 quac
618 2027 676 2092 fnit
698 2029 810 2094 umbre

51 2144 208 2227 eorporis‚e
233 2145 367 2225 regione
391 2144 505 2209 eadem
528 2163 587 2208 nos
609 2163 711 2224 usquc
734 2153 862 2210 secuta.

55 2271 143 2338 semper
162 2259 244 2324 enim
270 2279 356 2323 nona
378 2279 412 2324 se
435 2259 593 2322 radiorum
617 2257 739 2322 lumina
761 2259 898 2324 fundunt

54 2367 179 2453 primaque
202 2374 409 2458 dispereunt,
427 2373 517 2454 quasi
540 2373 571 2436 in
595 2373 700 2456 ignem
725 2374 800 2438 lenc
821 2374 984 2440 trahatur.

52 2493 181 2565 propterea
202 2487 305 2553 facilc
327 2495 358 2552 ct
380 2487 536 2571 spoliatur
557 2488 675 2550 iumine
698 2493 803 2570 term,

48 2603 68 2656 c
85 2599 203 2681 repletur
224 2603 300 2666 item
325 2602 498 2684 nigrasque
520 2601 582 2666 sibi
606 2602 704 2665 nbiuit
724 2603 874 2666 umbras.

73 2709 125 2776 Nee
142 2721 246 2782 tamen
270 2717 324 2781 hie
348 2716 457 2780 certios
479 2715 548 2780 solli
571 2716 774 2780 concedimus
796 2715 916 2780 hiiuun.

44 2839 97 2886 nnn
116 2849 172 2909 qno
195 2850 335 2912 cumque
359 2831 429 2894 loco
453 2831 493 2895 sit
515 2831 569 2893 iux
591 2837 684 2912 atquc
707 2832 820 2897 umbra
843 2833 921 2898 tueri

44 2933 140 3004 iilnrnnn
162 2951 228 3009 est:
246 2946 362 3011 eadem
386 2964 461 3010 vcro
485 2945 547 3010 sint
568 2945 690 3009 lumine
712 2965 832 3022 necne,

42 3054 185 3138 nnnbrnqne
209 3079 294 3140 quac
318 3061 377 3123 t'uit
400 3059 451 3123 hic
473 3059 587 3125 eadem
610 3081 694 3125 nunc
716 3061 975 3138 mansetudine,

42 3183 69 3228 un
89 3172 180 3253 potius
201 3175 259 3238 tint
283 3175 379 3258 paulo
403 3175 488 3256 quod
512 3174 648 3240 diximus
671 3182 763 3248 unte,

42 3275 189 3351 ieronimi
213 3289 341 3353 donnum
365 3289 445 3352 ratio
468 3289 648 3355 discerncre
671 3291 784 3366 debet,

42 3411 83 3458 nee
101 3409 227 3481 possunt
252 3403 337 3468 oculi
360 3409 502 3466 naturam
526 3423 659 3470 noscere
682 3425 807 3470 rerum.

40 3511 147 3588 proinde
167 3517 265 3580 animi
289 3517 399 3582 vitium
422 3516 483 3581 hoc
506 3519 606 3582 oculis
630 3519 794 3602 adfingere
818 3519 903 3584 noli.

40 3639 85 3698 oua
102 3629 237 3695 vehimur
262 3633 354 3714 navi,
371 3631 490 3709 fertur,
507 3651 575 3696 cum
600 3639 684 3698 stare
707 3635 851 3699 videtur:

41 3752 101 3814 uuae
120 3753 225 3810 manet
247 3747 282 3810 in
304 3747 461 3823 statione,
478 3765 517 3812 ea
538 3753 667 3830 praeter
690 3749 827 3814 creditur
849 3751 916 3815 ine.

41 3855 62 3908 et
78 3851 177 3936 sugere
200 3859 245 3924 ad
268 3861 398 3945 puppim
422 3861 519 3926 colles
541 3863 709 3946 campique
732 3865 898 3941 videntur,

42 3979 100 4039 ‘runs
118 3971 240 4054 agimus
263 3981 390 4057 practer·
412 3995 526 4040 navem
548 3975 692 4057 velisque
715 3979 878 4042 volamus.
984 3951 988 3958 .

41 4075 122 4146 uuna
141 4105 271 4152 cessare
293 4089 444 4154 aetheriis
467 4089 576 4154 adfine
598 4091 742 4155 cavernis

40 4203 127 4260 cuneta
145 4199 314 4286 videntur,
331 4207 363 4268 ct
385 4202 520 4270 adsiduo
544 4210 618 4270 sunt
640 4205 748 4270 onmia
769 4211 876 4290 motu,

40 4339 212 4366 *zu-..-

41 4431 75 4481 3¹51
94 4448 186 4492 turnum
207 4441 221 4512 ΙΙ
243 4453 361 4494 tuantur.
382 4443 396 4513 ΙΙ
417 4448 467 4496 368
487 4445 549 4496 cliui
569 4445 583 4516 Η
603 4449 653 4497 378
674 4446 753 4496 adluit
