2996 5148
322 355 362 422 10
797 377 950 420 usenusro

318 526 381 592 lide
404 525 581 610 eademque
608 535 677 596 arte
703 549 769 613 qua
789 527 968 595 Mediceum
990 528 1124 612 Vergilii
1147 529 1286 596 codicem
1307 530 1406 612 Poggi-

320 630 392 696 nius
416 630 596 714 expressit,
627 631 649 695 ii
672 631 795 697 librarii
819 631 872 714 qui
896 632 1074 698 Vossianus
1096 632 1346 716 conscripserunt
1363 653 1406 699 cx·

320 732 444 819 emplar
466 733 724 817 antiquissimum
746 755 804 818 per
818 733 932 800 ductum
947 734 1126 800 litterarum
1148 735 1290 818 singulos
1310 736 1407 801 imitati

319 841 446 919 essent,
463 835 496 900 in
514 835 653 902 Lucretii
670 837 865 902 carminibus
881 835 1109 920 recensendis,
1125 838 1276 921 quoniam
1292 843 1409 923 uterquc

319 935 433 1004 eodem
456 938 604 1022 exemplo
623 939 759 1024 scriptus
775 945 880 1022 esset,
904 957 1008 1022 neque
1031 939 1055 1004 ii
1077 945 1200 1005 tantum
1223 959 1352 1024 usquam
1371 942 1408 1004 in·

318 1047 366 1106 ter
399 1059 435 1106 se
461 1045 615 1123 quantum
645 1043 807 1108 Romanus
841 1047 874 1106 et
899 1041 1062 1108 Medieeus
1090 1041 1231 1109 llarcnis
1257 1042 1409 1110 dissentire

320 1149 471 1228 possent,
488 1142 568 1208 nilril
583 1163 662 1211 sane
677 1145 839 1228 agendum
856 1151 941 1210 asset
956 1145 1017 1212 nisi
1033 1150 1067 1209 ut
1081 1145 1240 1230 paucula,
1261 1147 1295 1210 in
1309 1145 1410 1230 quibus

319 1265 429 1311 eorum
445 1245 598 1312 alteruter
612 1255 797 1332 peccasset,
823 1250 1010 1313 notarentur
1025 1269 1032 1310 :
1049 1265 1123 1311 uam
1139 1246 1216 1330 quid
1231 1249 1334 1333 prima
1346 1247 1410 1332 quid

319 1348 385 1412 alia
407 1367 523 1432 manu,
547 1349 626 1432 quid
645 1349 728 1416 inter
743 1369 855 1417 versus
879 1356 934 1416 aut
956 1351 989 1414 in
1004 1349 1152 1431 margine
1167 1351 1318 1435 scriptum
1341 1357 1412 1416 esset

319 1449 398 1534 quid
421 1449 585 1516 inductum
606 1471 733 1518 erasum
755 1452 1026 1538 superscriptum,
1049 1449 1127 1534 quid
1150 1449 1291 1536 denique
1314 1452 1345 1518 vi
1366 1459 1412 1517 aul

319 1551 452 1619 madore
478 1553 658 1638 interisset,
688 1575 728 1621 ea
755 1557 863 1621 omnia
885 1553 960 1620 libri
986 1553 1086 1619 nostri
1108 1553 1345 1620 accuratissime
1369 1573 1412 1620 ex-

318 1673 433 1740 pressa
459 1663 758 1741 repraesentarent.
779 1677 890 1724 vcmm
916 1657 1009 1722 huius
1032 1654 1119 1720 modi
1142 1656 1221 1720 artis
1243 1675 1309 1722 non
1330 1656 1412 1722 modo

318 1759 373 1824 ille
400 1765 544 1844 ternpore
571 1760 711 1825 studium
735 1761 795 1826 luit
818 1759 959 1842 nullum,
987 1757 1075 1823 nulla
1097 1757 1243 1823 utilitatis
1265 1760 1412 1843 cognitio,

318 1861 376 1927 sed
399 1881 441 1927 ue
455 1861 562 1928 multis
579 1862 708 1946 quidem
731 1872 805 1948 post
826 1863 884 1928 illa
898 1861 1052 1944 saeculis,
1076 1879 1180 1943 neque
1196 1859 1359 1929 lohanuen
1374 1862 1413 1926 lo-

318 1965 450 2030 vianum
476 1964 656 2038 Pontanum
688 1985 785 2031 unum
811 1965 915 2031 'faciti
942 1963 1086 2030 libellum
1113 1970 1178 2027 tam
1205 1964 1415 2048 superstitiosa

318 2065 490 2133 sedulitate
518 2069 760 2154 transcripsisse
788 2067 872 2133 ullus
898 2067 993 2132 homo
1021 2064 1179 2149 suspicari
1205 2067 1331 2151 potuit,
1362 2067 1414 2132 uisi

318 2169 487 2252 insigniter
508 2189 700 2255 perversus.
716 2171 824 2255 itaque
847 2189 887 2237 ea
903 2169 1012 2236 omnia
1032 2167 1230 2234 auctoritatis
1245 2177 1413 2252 momenta,

320 2291 425 2356 quae,
449 2273 478 2338 si
500 2273 606 2358 ipsum
623 2274 788 2358 exemplar
810 2278 988 2339 ceterorum
1004 2271 1193 2356 archetypos
1216 2268 1414 2354 haberemus,

320 2374 421 2440 oeulis
444 2373 611 2442 observari
633 2381 786 2461 possent,
809 2376 856 2441 ita
878 2373 1013 2440 confusa
1029 2377 1186 2457 apparent
1200 2378 1235 2437 ut
1249 2374 1415 2442 recensenti
1479 2429 1480 2474 ἦ

318 2479 413 2563 paria
435 2478 539 2545 videri
562 2477 721 2544 debeant.
739 2477 799 2544 lroc
822 2477 914 2544 dico.
932 2476 1121 2559 ubicumque
1148 2479 1340 2545 testimoniis
1363 2475 1415 2541 lide
1479 2479 1480 2534 ι

319 2582 428 2666 dignis
456 2583 538 2648 iuter
565 2600 601 2646 se
628 2580 754 2648 collatis
780 2579 985 2665 perspicuum
1008 2585 1057 2644 est
1078 2580 1111 2645 in
1134 2581 1310 2667 archetypo
1331 2581 1416 2664 scrip

319 2691 425 2750 turam
441 2683 542 2750 fuisse
557 2683 718 2768 duplicem
732 2683 813 2769 (hoc
827 2689 933 2748 autem
949 2682 995 2747 ita
1015 2689 1083 2766 est,
1107 2685 1256 2767 quotiens
1278 2684 1416 2770 europe

319 2793 351 2854 ct
374 2787 551 2874 quadratus
574 2787 656 2852 inter·
678 2805 713 2851 se
735 2784 948 2862 dissentiunt,
975 2805 1080 2868 neque
1106 2805 1217 2852 eorum
1239 2789 1415 2854 alterutrum

319 2909 453 2976 peceare
475 2895 531 2955 aut
553 2909 572 2954 e
593 2887 716 2954 aelredus
739 2895 795 2953 aut
816 2888 995 2954 cultellata
1011 2889 1193 2955 sivemanu
1208 2889 1335 2975 scriptis
1357 2888 1416 2954 sire
1478 2965 1479 2976 χ

318 2994 482 3080 riapreeaia
509 2993 684 3078 apparet),
712 2990 755 3056 ad
782 2991 1001 3056 recensionem
1028 2989 1181 3056 iudicium
1209 2990 1416 3057 adhibendum

319 3103 389 3181 est,
414 3115 519 3180 neque
535 3099 600 3160 tam
616 3100 703 3159 certo
719 3099 792 3158 utra
807 3093 965 3178 scriptura
985 3092 1148 3178 antiquior
1168 3093 1264 3161 luerit
1286 3093 1350 3159 dici
1370 3111 1416 3177 po·

319 3206 401 3283 test,
425 3217 522 3282 quam
543 3203 616 3262 utra
642 3201 699 3261 aut
724 3214 806 3261 vera
834 3202 890 3260 aut
912 3215 1009 3262 verae
1031 3197 1163 3282 propior
1185 3197 1227 3263 sit
1248 3195 1414 3282 disputari.

319 3304 378 3370 sed
401 3323 463 3386 ego
486 3320 558 3366 cum
573 3298 634 3365 hoc
649 3297 690 3364 de
706 3299 835 3364 testium
854 3297 1001 3365 dissensu
1016 3297 1169 3364 iudicium
1183 3319 1289 3384 paene
1309 3298 1415 3381 ubique

318 3405 530 3471 certissimum
547 3407 579 3468 et
601 3408 693 3468 extra
707 3401 883 3486 periculum
905 3403 1044 3486 positum
1066 3401 1314 3487 intellexissem,
1337 3399 1414 3468 nolui

319 3506 465 3591 mendis,
490 3523 574 3590 quae
597 3505 629 3569 in
653 3505 754 3570 altero
778 3503 860 3569 libro
883 3511 1009 3589 essent,
1034 3505 1067 3570 iu
1090 3503 1193 3570 altero
1215 3525 1279 3571 non
1299 3511 1413 3582 esseut,

319 3607 545 3677 enumerandis
568 3607 711 3673 taedium
740 3605 870 3672 etmihi
894 3613 926 3672 at
946 3607 1119 3674 lectoribus
1141 3607 1249 3674 facere
1271 3609 1340 3674 sine
1360 3605 1414 3670 ullo
1477 3593 1478 3663 l

319 3711 362 3778 ad
384 3731 495 3778 verum
509 3709 738 3776 inveniendum
761 3709 995 3776 emolumento.
1012 3711 1079 3777 scio
1102 3709 1232 3797 quidem
1254 3710 1366 3776 multos
1386 3709 1415 3771 in

318 3815 379 3880 hac
400 3835 435 3880 re
458 3811 683 3879 confidentiam
705 3831 809 3878 meam
832 3811 1082 3896 reprehensuros
1104 3833 1196 3898 esse,
1220 3815 1274 3897 qui
1297 3812 1368 3878 milri
1388 3807 1415 3874 id

319 3915 406 4000 quod
422 3914 483 4000 ipsi
499 3914 610 3981 videre
629 3914 730 3981 velint
753 3914 840 3981 credi
864 3915 1046 4000 postulem:
1062 3916 1121 3983 sed
1144 3917 1176 3982 hi
1199 3923 1294 3982 erunt
1315 3915 1377 3981 iere
1396 3911 1415 3976 ii

319 4019 373 4102 qui
395 4025 451 4083 aut
472 4037 508 4084 se
523 4018 651 4103 Heynio
675 4024 706 4082 et
722 4015 872 4102 Philippo
889 4019 1052 4102 Waguero
1076 4018 1117 4084 de
1132 4018 1278 4085 Mediceo
1294 4013 1415 4100 Vergilii
1476 4051 1477 4094 ι

318 4119 428 4187 codice
451 4120 537 4188 idem
559 4119 755 4204 concedere,
780 4121 930 4204 quoniam
954 4121 1002 4185 illi
1025 4141 1061 4187 se
1083 4121 1183 4188 multa
1198 4121 1338 4188 tacuisse
1360 4135 1414 4183 non

318 4224 490 4309 dixerunt,
507 4223 672 4304 nesciant,
689 4228 745 4288 aut
756 4221 788 4288 in
801 4221 941 4289 alienam
957 4222 1179 4308 diligentiam,
1196 4231 1230 4289 ul
1245 4217 1414 4308 ingeniisui

319 4327 550 4411 praestantiam
566 4330 749 4409 ostentent,
773 4324 904 4410 cupiant
919 4325 1085 4396 involare.
1102 4326 1218 4412 quibus
1234 4345 1295 4410 ego
1316 4329 1415 4389 auctor

319 4449 390 4493 sum
406 4435 440 4493 ut
455 4435 529 4512 aut,
552 4429 579 4494 si
595 4429 740 4512 possint,
764 4425 860 4511 mihi,
885 4427 1005 4494 homini
1022 4429 1151 4514 quidem
1166 4449 1271 4512 neque
1286 4441 1414 4495 errorum

318 4530 462 4618 experti,
486 4535 675 4596 nontamen
698 4529 793 4596 nimis
815 4529 976 4596 incurioso
993 4541 1048 4597 aut
1065 4531 1272 4620 neglegenti,
1296 4525 1414 4595 credant
