3052 5144
302 483 323 544 4
859 483 872 546 l

300 633 560 728 frondiferasque
583 649 696 715 ‹lornos
719 652 825 716 avium
849 673 1044 738 carnposque
1067 656 1199 722 virentis

302 762 448 827 ommibus
471 763 627 829 incutiens
650 765 803 830 blandum
826 785 883 850 per
905 774 1035 851 pectora
1058 791 1201 836 eruorem

238 897 271 942 ro
303 876 404 941 efficis
427 883 460 940 ιιι
483 877 597 961 cupide
620 881 798 962 generatim
823 882 931 946 saecla
955 891 1157 968 propagent.

303 1009 385 1072 quiae
408 991 560 1074 quoniam
582 1013 685 1058 rerum
710 1003 853 1058 nalruum
877 996 945 1060 sola
968 997 1152 1082 gubernas,

301 1125 360 1170 nec
382 1105 452 1171 sinc
475 1113 506 1172 te
529 1107 696 1189 quicquam
720 1109 845 1174 diesin
869 1110 997 1176 luorinis
1019 1133 1093 1178 cres

301 1221 440 1286 exoritur
462 1241 564 1304 neque
588 1223 621 1286 lit
643 1222 762 1286 laetum
784 1241 886 1304 neque
908 1225 1047 1291 amabile
1070 1227 1260 1312 quicquam,

302 1343 334 1402 le
357 1339 477 1402 sociam
501 1337 612 1402 studeo
636 1335 814 1401 scribendis
836 1338 982 1403 versibus
1005 1359 1096 1424 esse,

238 1471 270 1517 su
302 1471 382 1532 quos
405 1471 465 1535 ego
487 1451 529 1517 de
552 1471 656 1516 rerum
680 1457 797 1526 natura
816 1471 959 1536 pangere
982 1473 1079 1520 conor

299 1566 510 1632 Memmiadae
532 1573 661 1643 nostro,
686 1585 780 1647 quem
802 1573 852 1644 ιιι,
876 1565 957 1644 dea,
981 1575 1124 1656 tempore
1147 1572 1178 1635 iu
1204 1573 1289 1636 omni

301 1681 448 1747 omnibus
470 1688 617 1747 ornatum
640 1681 766 1747 voluisti
790 1681 948 1748 excellere
977 1685 1091 1750 rebus.

301 1817 363 1878 quo
387 1799 491 1882 magis
513 1803 675 1864 aeternum
698 1799 741 1864 da
764 1799 876 1874 dictis,
902 1796 996 1874 diva,
1021 1800 1186 1886 leporem,

301 1909 394 1976 effice
417 1919 450 1976 ιιι
471 1912 594 1977 interea
617 1913 688 1979 lera
711 1934 865 1980 moenera
888 1914 1012 1979 militiai

236 2047 269 2092 co
300 2046 358 2109 per
380 2026 484 2091 usaria
506 2047 546 2092 ac
568 2035 670 2094 terras
694 2028 797 2094 omnis
821 2031 927 2115 sopiia
950 2029 1137 2117 quieseant:

302 2163 375 2206 nam
397 2141 524 2207 insola
546 2149 638 2227 potes
659 2145 831 2226 tranquilla
853 2164 934 2230 paee
956 2146 1066 2210 iuvare

299 2257 464 2340 mortalis,
489 2257 641 2339 quoniam
664 2258 742 2323 belli
765 2259 834 2324 lere
856 2279 1010 2325 moenere
1032 2261 1160 2325 Mavors

301 2373 498 2458 armipotens
522 2373 622 2455 regit,
645 2373 677 2436 iu
701 2375 855 2458 greurium
878 2375 930 2455 qui
955 2391 1054 2458 saepe
1076 2379 1161 2438 tuuru
1185 2393 1219 2439 se

301 2488 389 2553 reicit
411 2495 541 2552 aeterno
565 2487 707 2554 devictus
730 2490 859 2554 vulnere
882 2489 1023 2572 auroris,

237 2623 268 2669 uo
301 2609 395 2684 atque
418 2602 463 2666 ita
488 2602 683 2687 suspiciens,
708 2604 797 2668 lereti
821 2604 945 2670 cervice
965 2610 1116 2688 reposta,

299 2719 404 2802 pascit
426 2735 534 2782 amore
556 2717 690 2794 avidae,
713 2717 838 2782 inhians
860 2719 892 2782 iu
915 2724 965 2794 te,
990 2719 1070 2802 dea,
1094 2720 1200 2798 visus,

300 2853 380 2917 eque
403 2841 455 2898 ιιιο
479 2831 598 2917 pendet
621 2833 759 2918 resupini
785 2833 912 2916 spriritus
936 2853 1010 2898 ore.

298 2946 381 3013 hunc
403 2955 455 3030 tn,
479 2946 572 3024 diva,
596 2954 649 3012 tuo
673 2947 875 3012 recubantem
898 2967 1029 3031 corpore
1056 2955 1167 3014 saucio

300 3064 417 3128 circum
440 3063 510 3126 lirsa
533 3081 648 3148 super,
673 3062 781 3127 suavis
805 3081 844 3126 eu
868 3081 924 3126 ore
948 3061 1106 3144 loquellas

235 3201 268 3244 ιιι
299 3177 394 3242 iimde
418 3185 529 3262 petens
551 3177 712 3261 placidam
734 3177 905 3258 Romanis,
929 3175 1066 3260 incluta,
1091 3195 1223 3260 paoem:
1275 3211 1280 3222 ·

298 3313 371 3358 uam
396 3312 499 3372 neque
524 3313 582 3357 uos
605 3311 703 3374 agere
726 3292 786 3356 boc
808 3291 922 3375 patriai
946 3297 1087 3374 tempore
1109 3291 1218 3373 iniquo

299 3427 466 3492 possumus
490 3427 593 3488 aequo
617 3407 724 3470 animo
746 3425 806 3470 nee
831 3407 954 3470 llerruni
978 3407 1066 3470 clara
1088 3427 1235 3489 propago

299 3522 414 3586 talibus
437 3521 468 3584 iu
493 3520 588 3586 rebus
610 3521 766 3586 eormuuui
791 3522 885 3586 desse
908 3521 1024 3586 saluii.

851 3667 869 3706 ll:

234 3891 267 3936 so
298 3867 381 3950 quod
405 3875 586 3951 superest,
611 3887 731 3932 vacuas
752 3865 838 3930 auris
861 3865 1063 3946 animumque
1088 3883 1239 3945 sagacem

297 3990 451 4048 seruolum
476 4003 496 4047 a
519 3982 601 4047 curis
624 3980 741 4046 adhibe
764 4001 870 4046 veram
893 3979 935 4043 ad
959 3979 1137 4053 ralionom;

299 4287 330 4332 27
351 4285 475 4333 orulutum
496 4281 508 4351 Η
530 4285 561 4332 32
582 4299 686 4332 monera
706 4280 719 4350 Η
740 4284 772 4329 33
792 4281 889 4342 regium
903 4279 927 4326 iu
941 4279 1115 4343 grcrniuumue
1136 4278 1148 4348 Η
1169 4285 1201 4328 35
1223 4280 1288 4328 leriii
1312 4277 1324 4346 Η
1346 4281 1377 4328 48
1396 4280 1423 4328 iri

299 4387 351 4420 esse
377 4373 389 4438 Η
414 4375 528 4418 rr-le
544 4393 576 4416 =
592 4373 806 4418 neec-ccl.
836 4367 849 4436 Η
880 4373 912 4418 ῠιι
934 4380 958 4417 ut
978 4385 1069 4418 suerrus
1089 4367 1101 4434 Η
1123 4369 1285 4428 mriruumque
1304 4383 1425 4430 sagacem

298 4461 410 4510 venisse.
