3052 5144
335 1359 383 1441 T.
414 1357 705 1442 LUORETI
737 1355 894 1440 CARI

152 1597 272 1694 DE
321 1595 642 1694 RERUM
687 1593 1064 1698 NATURA

416 1841 558 1906 LIBER
585 1841 808 1907 TERTIUS.

65 2311 250 2428 Etenebrie
273 2361 372 2426 tentis
395 2367 460 2426 tem
483 2359 604 2424 elerum
628 2360 781 2426 extollere
806 2359 913 2424 lumen

64 2475 105 2552 qui
124 2478 245 2560 primus
267 2474 399 2560 potuisti
422 2475 595 2538 inlustrans
618 2474 787 2540 commode
808 2475 916 2555 vitae,

62 2595 86 2652 to
103 2609 271 2672 sequor,o
295 2589 415 2654 Graiae
437 2589 542 2670 gentis
565 2587 683 2664 deous,
699 2593 796 2670 inque
819 2589 881 2652 tuis
903 2607 988 2652 nuno

61 2701 121 2766 fiola
142 2704 263 2788 pedum
285 2724 371 2788 pono
393 2703 514 2788 pressis
536 2702 674 2783 vestigia
694 2703 815 2786 signis,

29 2818 178 2882 silonita
201 2818 344 2882 certandi
368 2817 503 2902 cupidus
527 2837 624 2898 quam
645 2824 777 2901 propter
800 2836 942 2882 amorem

59 2929 133 3008 quod
155 2939 186 2997 te
209 2932 328 2997 imitari
351 2953 451 2997 aveo:
470 2931 547 3014 quid
569 2932 651 2996 enim
677 2931 850 2995 contendat
872 2930 1009 2994 hirundo

60 3045 175 3125 cycnis,
192 3053 249 3110 aut
271 3045 347 3127 quid
371 3066 445 3110 nam
468 3045 611 3110 tremulis
633 3043 743 3110 faeere
766 3045 898 3108 artubus
926 3043 1020 3107 haedi

60 3159 216 3225 consimile
239 3159 270 3223 in
294 3179 388 3224 eursu
410 3159 534 3242 possint
556 3165 588 3224 et
610 3158 701 3224 fortis
725 3159 798 3240 equi
821 3159 898 3224 vie?

60 3276 229 3356 tu,pater,
246 3293 281 3338 es
302 3293 406 3339 rerum
429 3274 594 3357 inventor,
611 3280 645 3337 tu
668 3275 773 3358 patria
795 3273 888 3338 nobis

22 3399 42 3444 lo
61 3385 237 3470 suppedites
259 3393 451 3472 praecepto,
468 3387 595 3469 tuisque
617 3409 676 3464 ex,
692 3388 829 3470 inclute,
847 3386 984 3468 obortis,

62 3499 197 3566 floriferis
220 3509 254 3566 ut
276 3523 355 3586 apes
377 3503 409 3566 in
432 3501 565 3568 saltibus
588 3502 696 3566 omnia
717 3503 839 3577 libant,

63 3615 160 3678 omnia
179 3635 239 3680 nos
260 3614 369 3680 itidem
393 3616 594 3701 depascimur
615 3635 713 3680 aurea
734 3615 846 3699 ¹dioto,

64 3747 171 3808 aurea,
185 3736 340 3816 perpetue
363 3751 490 3814 semper
512 3730 700 3812 dignissima
722 3731 809 3796 vita.

64 3861 129 3906 nem
151 3844 242 3908 simul
264 3845 406 3912 sorello
429 3851 483 3908 tua
506 3845 612 3928 eoepit
633 3843 803 3910 vociferari

22 3963 199 4023 istaturam
221 3979 346 4038 rerum,
364 3959 472 4024 divina
493 3965 598 4024 mente
622 3964 750 4042 coorta,

67 4068 224 4154 diffugiunt
243 4074 340 4138 animi
362 4079 519 4157 terrores,
533 4075 663 4140 moenis
683 4073 794 4141 mundi

67 4179 238 4273 discedunt,
253 4195 353 4253 totum
375 4187 468 4254 video
491 4207 549 4272 per
570 4187 666 4252 inane
688 4190 756 4270 goii
778 4205 850 4254 res.

69 4333 251 4353 Ἢ--ῄ-

74 4423 82 4470 l
103 4423 124 4472 Ο
143 4421 158 4493 ΙΙ
175 4432 187 4476 l
206 4430 306 4494 Cycniie
326 4427 340 4498 ΙΙ
362 4433 389 4480 ll
411 4429 517 4480 liment.
537 4427 551 4498 ΙΙ
573 4433 604 4480 15
623 4439 752 4481 coortam.
