3020 5146
342 444 402 508 158
885 437 914 501 V

338 629 400 690 quo
423 606 525 688 magis
548 606 598 670 hic
620 609 732 670 merito
755 607 848 672 nobis
871 609 952 672 deus
974 627 1045 673 esse
1066 609 1214 693 videtur,

178 791 183 800 ,
281 743 314 790 ao
337 742 378 788 ex
400 743 464 804 quo
488 741 572 786 nunc
594 721 690 786 etiam
713 740 771 804 per
792 741 929 803 magnas
951 721 1052 788 didita
1073 723 1177 807 gentis

340 836 447 902 dulcia
470 836 666 920 permulcent
687 835 811 900 animos
834 836 957 902 solacia
977 837 1083 902 vitae.

339 952 483 1018 Herculis
506 952 660 1017 antistare
682 956 789 1016 autem
812 951 840 1016 si
862 951 949 1018 iacta
971 952 1119 1036 putabis,

339 1067 466 1150 longius
488 1089 507 1131 a
529 1087 607 1133 vera
628 1065 726 1130 multo
750 1066 873 1132 ratione
896 1067 1018 1132 serere.

339 1181 416 1265 quid
438 1183 618 1246 Nemeaeus
640 1179 725 1246 enim
747 1181 840 1246 nobis
863 1202 947 1250 nune
968 1201 1105 1264 magnus
1125 1179 1234 1248 hiems

282 1317 314 1365 55
339 1297 394 1361 1115
416 1296 519 1361 155515
541 1296 670 1361 obesset
691 1301 723 1360 et
745 1296 879 1362 horrens
901 1295 1058 1362 Arcadius
1081 1295 1163 1361 sus?

338 1411 476 1493 denique
499 1410 576 1492 quid
600 1410 717 1476 Cretae
739 1417 850 1476 murus
871 1413 1081 1494 Lernaeaque
1103 1410 1202 1496 pestis

339 1527 443 1614 hydra
464 1527 628 1592 venenatis
651 1533 760 1610 posset
781 1526 903 1590 vallata
925 1527 1092 1592 colubris?

341 1641 456 1726 quidve
478 1642 648 1725 tripectora
670 1648 717 1705 ter
739 1641 857 1722 gemini
881 1642 929 1706 ris
952 1642 1116 1726 Geryonai

338 1764 371 1822 et
393 1756 558 1822 Diomedis
580 1757 654 1837 equi
677 1755 833 1839 spirantes
856 1756 988 1821 naribus
1010 1757 1141 1838 ignem,

283 1893 313 1940 55
340 1873 502 1937 Thracam
525 1871 747 1953 Bistoniasque
769 1870 884 1956 plagas
906 1876 1002 1952 atque
1024 1871 1146 1936 Ismara
1168 1877 1333 1956 propter,

283 2009 316 2054 ao
340 1994 429 2052 tanto
452 2005 550 2070 opere
573 1985 757 2062 officerent,
774 1991 805 2050 et
827 2005 905 2051 aves
927 1985 1118 2069 Stymphala
1141 1987 1324 2053 colentes?

284 2123 316 2169 aa
342 2119 502 2184 aureaque
525 2100 738 2186 Hesperidum
762 2119 894 2166 servans
917 2101 1073 2185 fulgentia
1095 2101 1203 2185 mala,

343 2236 457 2300 asper,
474 2217 592 2281 acerba
614 2223 727 2297 tuens,
744 2216 876 2280 immani
898 2235 1034 2300 corpore
1056 2235 1189 2300 serpens

341 2330 467 2396 arboris
490 2331 656 2414 ampiexus
678 2329 810 2413 stirpem
834 2329 910 2412 quid
933 2329 1072 2412 denique
1095 2331 1225 2398 obesset

285 2464 316 2513 55
341 2451 471 2531 propter
493 2445 677 2510 Atlanteum
700 2444 774 2509 litus
796 2445 978 2529 pelagoque
1001 2465 1139 2528 sonora,

343 2580 405 2642 quo
430 2578 532 2642 neque
555 2565 662 2624 noster
684 2560 753 2624 adit
776 2560 945 2642 quisquam
968 2577 1028 2626 nec
1050 2561 1207 2626 barbarus
1228 2561 1374 2626 audet?

344 2679 450 2739 cetera
470 2673 513 2738 de
535 2693 652 2758 genere
676 2674 736 2741 hoc
758 2695 844 2758 quae
866 2681 940 2740 sunt
961 2681 1111 2759 portenta
1132 2681 1333 2759 perempta,

344 2789 390 2854 sei
413 2808 477 2852 non
499 2788 584 2853 vieta
606 2789 727 2873 forent,
744 2791 821 2873 quid
844 2787 972 2854 tandem
996 2789 1070 2854 viva
1092 2789 1276 2854 nocerent?

343 2903 408 2977 nil,
425 2908 459 2968 ut
482 2902 615 2987 opinor:
632 2904 677 2968 ita
698 2902 742 2968 ad
765 2904 913 2970 satiatem
935 2910 1020 2968 terra
1042 2903 1178 2967 serarum

285 3040 319 3085 ro
343 3017 543 3083 nuncetiam
567 3018 658 3082 scatit
680 3025 711 3084 et
732 3017 858 3102 trepido
881 3023 1000 3083 terrore
1024 3017 1146 3101 repieta
1168 3025 1217 3082 est
1499 3101 1500 3116 χ

343 3154 402 3218 per
422 3151 556 3196 nemora
578 3151 617 3196 ac
641 3137 765 3198 montes
787 3151 925 3213 magnos
948 3132 1109 3213 silvasque
1130 3129 1340 3216 prosnndns3
1499 3125 1500 3148 ¹

345 3265 426 3328 quae
449 3247 521 3312 loca
543 3246 664 3310 vitandi
687 3245 872 3331 plerumque
895 3251 943 3310 est
965 3251 1075 3310 nostra
1095 3251 1261 3330 potestas.

343 3369 378 3426 at
399 3361 461 3426 nisi
484 3367 684 3445 purgatumst
706 3367 837 3445 pectus,
855 3379 937 3442 quae
960 3359 1086 3444 proelia
1107 3360 1200 3426 nobis

344 3483 440 3557 atque
462 3476 604 3560 pericula
627 3481 724 3540 tumst
745 3473 881 3556 ingratis
904 3474 1150 3540 insinuandum!
1498 3493 1499 3496 ¹

287 3609 320 3654 ro
346 3595 487 3670 quantae
509 3595 575 3654 tum
599 3589 747 3654 scindunt
768 3587 928 3654 hominem
952 3586 1141 3674 cuppedinis
1163 3607 1254 3654 acres

344 3703 514 3768 sollicitum
537 3723 656 3782 curae,
673 3704 849 3786 quantique
873 3703 1006 3788 perinde
1029 3701 1179 3768 timores!

345 3788 461 3898 quidve
485 3819 634 3902 superbia
657 3817 812 3902 spurcitia
834 3837 873 3882 ao
895 3817 1101 3901 petulantia?
1117 3826 1257 3898 quantas

346 3931 487 3997 efficiunt
509 3924 638 3998 ciades!
655 3932 731 4015 quid
753 3931 847 3996 luxus
871 3929 1107 4012 desidiaeque?
1166 3972 1169 3978 ,

343 4045 423 4112 haec
444 4045 539 4131 igitur
561 4047 615 4128 qui
638 4053 753 4113 cuncta
775 4045 940 4128 subegerit
962 4064 1001 4109 ex
1024 4045 1195 4128 animoque

345 4218 424 4225 ——
436 4219 545 4226 --.-....

351 4319 380 4366 31
397 4317 509 4370 Thracia
529 4319 542 4386 Η
563 4321 596 4369 30
610 4317 684 4368 nobis
696 4316 826 4381 tymphaia
840 4313 853 4385 Η
868 4319 901 4367 33
915 4317 1023 4367 acerbari
1043 4313 1057 4384 ΙΙ
1078 4319 1111 4364 34
1124 4315 1214 4380 stirpes
1233 4311 1248 4384 ΙΙ
1270 4318 1304 4366 33
1318 4319 1455 4370 5115555555

350 4407 485 4472 pelagique
503 4423 604 4458 severa.
626 4401 640 4473 ΙΙ
661 4406 693 4454 38
709 4403 758 4454 Sed
779 4403 791 4471 Η
812 4401 930 4474 51551511
950 4401 1093 4471 44555111
1114 4405 1147 4452 45
1167 4404 1337 4467 cuppedines·
