3036 5150
648 391 681 455 II
1158 389 1219 456 105

9 621 10 624 ,
122 563 207 648 paulo
223 569 299 628 aute
313 563 378 628 479
393 566 525 645 uterque
542 561 657 626 dacor.
673 551 730 625 sed
754 560 908 626 credibile
931 581 995 626 non
1019 568 1068 627 est
1090 566 1218 647 puttam

9 669 10 672 ’
121 674 177 730 tam
198 685 300 750 parvo
317 665 487 731 intervallo
512 662 643 729 eosdem
663 683 776 730 versus
792 664 906 758 iterum
920 684 1041 748 ponere
1055 664 1218 730 voluisse.

9 775 10 852 ,
122 773 282 853 praeterea
303 766 391 851 quod
413 767 465 832 hio
488 765 583 832 docet
604 765 748 832 eiusdem
764 765 887 832 formae
902 767 1081 851 primordia
1096 765 1220 832 infinita

121 889 243 934 numero
266 888 358 951 esse,
375 867 461 933 idem
483 870 581 954 paulo
604 875 677 954 post
692 869 806 934 itemm
823 868 1007 947 exorditur,
1029 870 1093 936 529
1116 871 1220 936 Proti-

122 997 173 1037 nus
188 971 372 1054 ostendant,-
387 971 427 1036 de
442 990 506 1054 quo
522 972 635 1054 nequis
650 969 798 1036 dubitare
815 970 936 1055 possit,
949 991 985 1036 re
1000 971 1220 1039 demonstrata

9 1119 10 1138 r
122 1075 229 1140 subicit
241 1075 305 1140 567
322 1075 403 1138 Esse
417 1075 516 1158 {palor
528 1097 642 1161 pertore
658 1075 691 1139 ia
706 1075 817 1159 quouis
824 1075 1008 1159 primordia
1023 1099 1129 1140 rerum
1144 1076 1219 1162 Infi-

9 1187 11 1246 i
123 1180 182 1242 aira
189 1177 303 1264 palam
320 1189 383 1241 err.
397 1176 507 1260 itaque
519 1183 655 1262 apparet
667 1227 674 1260 ,
687 1177 714 1240 si
728 1175 863 1240 formam
876 1183 908 1242 et
922 1177 1050 1242 vincula
1065 1177 1220 1243 orationis

124 1279 342 1363 respiciamus,
369 1286 425 1344 aut
449 1279 506 1343 hos
529 1285 652 1364 septem
675 1297 787 1344 versus
810 1297 979 1364 superesse
1001 1285 1056 1344 aut
1078 1287 1142 1344 tres
1165 1281 1220 1364 qui

123 1382 174 1446 hos
195 1385 368 1450 secuntur.
386 1387 419 1445 at
441 1379 473 1446 hi
497 1389 619 1466 septem
643 1401 754 1447 versus
769 1399 888 1445 novum
911 1387 943 1446 et
964 1381 1149 1467 primarium
1172 1383 1220 1447 rei

9 1539 11 1562 ,
125 1489 339 1566 argumentum
362 1482 545 1548 continent:
573 1483 627 1567 qui
655 1483 714 1549 hor
737 1487 906 1568 secuntur,
930 1502 951 1547 a
973 1482 1163 1569 Gassendo,
1186 1491 1222 1550 ut

9 1573 10 1604 ³
124 1585 283 1652 Greeohius
298 1585 504 1668 observavit,
521 1586 738 1670 praetermissi
752 1635 759 1668 ,
773 1585 877 1671 ipsam
892 1607 959 1651 rem
974 1605 1038 1650 nou
1055 1587 1134 1653 satis
1149 1607 1219 1672 per-

123 1689 224 1773 spicue
246 1688 426 1773 expositam
449 1687 620 1772 exhibent,
641 1689 674 1752 in
689 1707 755 1772 qua
773 1713 922 1774 penarum
938 1689 1135 1776 rr'opalorom
1157 1689 1220 1772 sig-

9 1781 10 1800 *
123 1790 255 1858 nilicatio
277 1790 446 1876 praeteriri
469 1810 532 1854 nou
555 1790 821 1856 debuit.seilicet
843 1785 921 1856 καθ’
940 1784 1077 1877 ἑκάστην
1100 1789 1220 1876 σχημά-

122 1916 201 1961 τισιν
223 1887 343 1971 dulcis
365 1884 504 1980 ἄπειροί
525 1887 611 1959 εἰσιν
633 1884 775 1978 ἄτομοι,
803 1898 876 1972 ταῖς
898 1893 936 1962 δὲ
959 1894 1139 1981 διαφοραῖς
1161 1887 1222 1977 οὐχ

9 2047 10 2054 ι
123 1990 231 2076 ἁπλῶς
253 1987 413 2080 difforme,
437 1989 524 2062 Mla
544 1991 649 2079 μόνον
671 1990 917 2084 ἆπερίληπτοιε
940 1999 987 2062 sio
1009 1997 1166 2083 Epicurus
1187 1998 1221 2062 iu

9 2151 10 2178 ,
124 2099 270 2183 Diogenis
286 2099 368 2165 libro
383 2122 415 2184 x,
427 2100 469 2166 42
482 2149 489 2164 .
502 2100 603 2166 nihilo
626 2100 732 2164 miuus
753 2119 794 2166 oa
809 2120 893 2185 quae
908 2119 943 2165 re
958 2099 1111 2184 probiora
1127 2107 1221 2178 suut,

122 2209 153 2266 nt
164 2201 243 2287 dixi,
256 2221 408 2286 magnam
422 2202 541 2268 habent
552 2203 593 2268 ab
608 2202 753 2268 oratione
770 2203 876 2268 minus
888 2208 964 2292 apte
980 2221 1105 2268 conexa
1121 2201 1220 2268 offen-

123 2304 256 2370 sionem.
273 2305 383 2388 itaque
404 2307 608 2390 perspicuum
630 2305 670 2370 sit
686 2306 867 2371 Lucretium
882 2307 1019 2390 primum
1035 2303 1164 2388 quidem
1180 2305 1221 2370 is-

124 2411 168 2471 tos
188 2413 252 2472 tres
275 2427 388 2472 versus
408 2408 513 2475 minus
529 2411 654 2474 curiose
670 2415 841 2494 conceptos
857 2409 1023 2494 posuisse;
1047 2428 1127 2490 quos
1150 2427 1221 2472 cunr

124 2516 228 2592 postea
249 2509 455 2594 emendaret,
484 2509 537 2576 hic
562 2519 598 2576 ut
619 2512 696 2577 alibi
719 2511 837 2577 laetum
860 2531 931 2576 esse
952 2517 988 2576 ut
1009 2510 1051 2575 ad
1074 2507 1153 2574 illud
1177 2509 1222 2573 in·

124 2611 334 2696 commodum,
358 2613 445 2695 quod
468 2632 486 2678 e
507 2614 655 2680 versibus
677 2634 742 2679 non
764 2614 929 2712 eleganter
952 2613 1094 2698 repetitis
1116 2631 1221 2678 orere·

125 2719 187 2796 tur,
208 2735 273 2780 nou
297 2715 376 2780 satis
399 2715 600 2782 attenderet.

202 2817 274 2883 529.
299 2817 488 2881 Vnusrnus
512 2838 725 2883 osrnnnru.
742 2819 810 2884 Hoc
825 2819 902 2902 quia
917 2819 992 2884 ferri
1009 2839 1073 2884 non
1096 2823 1220 2904 potest,

126 2925 195 3004 apte
210 2921 363 2987 iaciemus
379 2921 594 2986 Pronurus.
617 2941 812 3004 quamquam
828 2923 856 2987 si
873 2922 922 2987 cui
938 2941 1049 2986 versus
1065 2941 1147 2986 unus
1169 2923 1221 2987 vel

9 3023 10 3106 j
126 3025 224 3106 plures
247 3025 406 3090 excidisse
421 3023 614 3109 videantur,
638 3043 680 3089 ne
695 3023 756 3089 hoc
770 3025 900 3109 quidem
915 3023 1149 3109 improbabile.
1164 3023 1223 3088 boo

9 3197 10 3200 Ἴ
128 3131 238 3190 tautum
248 3147 363 3192 cavere
372 3127 459 3192 volui
471 3175 479 3210 ,
492 3129 605 3210 nequis
618 3125 779 3192 inficetum
791 3127 918 3192 Marulli
933 3131 1144 3193 commentum
1156 3126 1222 3224 lau-

128 3225 231 3312 duret,
254 3247 317 3312 quo
340 3227 470 3312 scripsit
494 3229 586 3308 Quod
606 3233 754 3314 quoniam
777 3229 878 3314 docus}
901 3255 983 3294 nono
1005 3229 1222 3314 suaviloquio,
1280 3254 1291 3279 ι

127 3353 181 3414 ope
191 3382 199 3413 ,
209 3333 326 3418 porscia
348 3331 495 3394 Versibus
517 3331 676 3397 ostendam
690 3381 696 3396 .
711 3332 869 3398 editorum
893 3331 1006 3397 fraude
1028 3350 1067 3396 ac
1088 3329 1223 3395 stultitia

126 3434 223 3498 evenit
237 3441 271 3498 nt
286 3432 510 3516 lexicographi
531 3434 613 3500 scire
628 3455 691 3499 uon
714 3435 874 3518 potuerint
888 3455 923 3500 se
940 3433 1067 3500 Marulli
1083 3432 1221 3498 voeabu-

126 3533 201 3617 lum,
216 3556 280 3601 non
304 3534 547 3620 Lucretianum,
571 3537 605 3602 in
628 3536 772 3602 ordinem
795 3537 938 3622 recipere
959 3537 1188 3622 suovr'loqoum.

199 3638 269 3704 531.
295 3636 470 3708 Ursorouu
492 3639 767 3704 ruornn0.Hoo
790 3659 884 3708 versu
903 3641 1049 3705 Donatus
1072 3658 1149 3704 usus
1173 3643 1222 3703 est

128 3736 162 3800 ed
184 3739 405 3805 Phormionem
427 3741 569 3806 Terentii
585 3763 605 3826 1,
622 3742 652 3824 4,
669 3743 730 3807 36.

201 3843 271 3908 533.
289 3843 1220 3914 Facunusueusnacrsurrunsulambinusumus.

201 3945 270 4012 535.
300 3944 435 4008 Munus
469 3967 577 4009 nrcar
612 3967 758 4010 ennaea
785 3968 873 4009 assu
903 3969 941 4008 ιιι
967 3967 1012 4010 uo
1035 3994 1042 4009 .
1065 3945 1221 4010 Marullus

129 4063 276 4132 casune,
301 4049 411 4114 neseio
432 4067 475 4112 an
494 4049 634 4132 primus.
651 4055 737 4114 certe
752 4049 928 4133 Forbiger,
945 4049 998 4132 qui
1014 4048 1074 4112 hoc
1096 4046 1222 4112 ‘omues

128 4147 204 4216 editt.
219 4151 305 4218 rett'
331 4151 451 4216 hahere
467 4152 577 4217 scribit
591 4201 598 4234 ,
615 4151 723 4217 verbis
738 4155 870 4236 peccat,
888 4149 1053 4217 Gerardus
1069 4149 1221 4216 tacendo:

127 4269 192 4318 nam
212 4255 243 4318 in
265 4255 391 4320 Veneta
412 4260 462 4318 est
480 4277 599 4340 persero
610 4302 619 4336 ,
647 4271 750 4337 neque
772 4253 867 4317 aliter
889 4253 1049 4319 Aventius
1071 4259 1103 4319 et
1124 4252 1220 4336 Pius,

127 4352 263 4438 idemque
308 4356 486 4422 Veronensi
532 4354 716 4421 adscribunt
759 4355 1000 4440 Havercampus
1037 4361 1069 4421 et
1104 4354 1222 4420 Wake-

128 4453 252 4524 fieldus.

200 4559 270 4626 536.
293 4562 360 4627 Src
383 4581 444 4624 urr
466 4581 743 4632 ouunnrrnouu
757 4610 764 4625 .
780 4561 834 4628 Sic
850 4575 883 4626 ot
898 4560 1055 4627 scribatur
1070 4577 1112 4624 au
1134 4561 1215 4625 sicat
