3096 5142
668 359 712 426 tv
1180 359 1244 426 233
1372 367 1375 374 '

147 537 281 602 ordinem
315 554 464 602 versuum
499 531 742 620 perturbatum,
765 549 858 612 quem
896 532 1035 598 numeris
1072 532 1244 617 adscriptis

147 639 283 723 ostendi,
300 637 343 706 ad
365 638 469 724 ipsam
485 635 653 704 veritatem
676 633 859 701 revocavit.
875 635 937 700 boc
950 640 986 700 ut
1000 634 1046 700 ita
1061 655 1132 702 esse
1153 635 1243 702 intel·
1275 719 1278 724 Ι
1311 683 1316 696 .

145 743 320 826 legeretur,
342 741 412 806 eius
439 738 540 806 verba
565 736 741 804 secundnm
768 737 914 819 singulas
941 737 1064 804 litteras
1092 740 1244 822 ipsasque

145 843 359 911 distinctiones
386 841 547 926 descripta
571 838 750 926 proposui.
772 838 888 923 ‘Atque
915 858 955 905 ea
977 841 1150 906 continno.
1174 839 1244 920 Qua

144 948 345 1031 sequuntur!
372 949 581 1031 praepostere
616 942 737 1027 scripta
772 950 873 1008 sunt.
901 943 1110 1010 continuetur
1144 963 1243 1028 ergo.

21 1034 24 1076 l
144 1049 250 1116 Samot
270 1056 305 1116 et
319 1049 433 1116 elisam
447 1047 481 1112 in
498 1044 666 1131 (deletum)
681 1044 827 1128 sequenti
841 1045 983 1130 pagina.
1000 1053 1032 1112 et
1047 1066 1243 1131 consequen-

143 1138 484 1240 ffifqreiffnc
510 1149 635 1216 resilire
662 1147 704 1214 ab
731 1148 852 1214 rebus.
874 1150 971 1216 tertia
996 1148 1142 1235 pagina.
1166 1150 1244 1214 Post

143 1257 216 1322 baec
236 1255 389 1322 redeatur
410 1239 869 1339 bic—,sdidffla'pdr‘rffit
888 1252 1155 1338 continuansque
1177 1253 1243 1318 ibi.
1357 1248 1363 1262 '

143 1361 167 1422 Α
188 1360 350 1426 tenebris.
366 1349 428 1444 (ita
443 1365 604 1425 corrector
619 1357 769 1442 quadrati
787 1357 847 1422 hoc
862 1353 1023 1438 antiquior
1037 1355 1101 1421 312
1114 1378 1122 1419 :
1137 1354 1244 1438 prima

142 1483 231 1528 manu
247 1477 283 1530 ..t
299 1463 463 1546 romare.)
478 1482 517 1528 ac
531 1465 762 1544 consequenter
777 1478 878 1542 usque
900 1457 965 1525 ibi.
987 1459 1057 1538 Qua
1071 1459 1135 1524 sita
1149 1463 1242 1524 sunt.

143 1564 217 1632 lnds
238 1567 375 1633 saltetur
397 1566 490 1633 illuc.
508 1564 602 1644 Quod
625 1569 737 1630 contra
757 1563 884 1629 iacere.
901 1563 960 1648 (ita
981 1563 1178 1648 quadratus,
1195 1565 1242 1628 ic·

95 1687 97 1692 ·
141 1670 238 1756 cere.)
260 1671 311 1736 Ac
332 1669 460 1736 demum
483 1672 686 1735 continuetur
699 1669 717 1752 3'
739 1667 822 1732 hunc
844 1672 919 1732 aute
934 1667 1126 1734 Lambinum
1148 1685 1242 1732 nemo

140 1779 260 1838 secutus
276 1779 346 1838 est:
368 1771 525 1838 Marullus
548 1771 632 1836 enim
655 1763 883 1872 huncfecerat
903 1789 1053 1836 versuum
1076 1765 1241 1852 ordinem,

140 1873 197 1939 298
211 1873 382 1940 323—325
398 1873 568 1941 299-322
583 1873 753 1942 348-352
770 1875 870 1941 326-
877 1871 938 1938 341
955 1871 1126 1938 353-363
1137 1869 1240 1935 342-

140 1974 195 2040 347
207 1977 291 2070 364,
309 1978 468 2043 avandus
491 1983 597 2044 antem
620 1998 752 2064 prorsus
768 1977 908 2044 absurde
923 1974 986 2042 298
998 1972 1168 2040 323-325
1180 1973 1243 2039 299

139 2080 238 2145 -322
249 2080 420 2146 326-347
433 2079 495 2145 348
506 2132 513 2147 .
530 2086 564 2148 at
575 2081 749 2147 Lambinus
760 2082 793 2146 in
806 2079 916 2146 codice
929 2077 1114 2144 Bertiniano
1127 2124 1135 2158 ,
1148 2093 1242 2157 quem

140 2179 204 2265 ipse
227 2201 290 2246 non
314 2179 463 2265 viderat,
487 2181 546 2248 sed
573 2182 713 2249 babebat
740 2203 761 2248 a
782 2181 933 2248 Turnebo
956 2184 1162 2264 excerptum,
1186 2195 1243 2242 eos

138 2301 191 2348 sex
218 2303 333 2350 versus
359 2284 413 2367 qui
436 2291 588 2350 notantur
603 2285 780 2352 342-347·
797 2305 835 2351 eo
863 2284 934 2350 loco
964 2282 1029 2366 legi
1058 2279 1242 2364 refertque

139 2384 204 2469 ipse
218 2405 277 2452 eos
293 2385 499 2453 excudendos
522 2389 700 2473 curaverit,
717 2389 777 2454 hoc
799 2393 848 2454 est
866 2387 949 2454 inter
964 2385 1024 2451 341
1041 2390 1074 2450 et
1095 2385 1178 2467 299,
1194 2401 1243 2448 ce·

139 2493 203 2552 tara
223 2489 321 2554 tacite
343 2488 386 2554 ad
408 2496 546 2555 mentem
566 2491 753 2557 correctoris
777 2490 958 2575 disposuit.
982 2487 1079 2554 ceteri
1102 2485 1242 2552 editores
1356 2559 1358 2564 ,

140 2590 296 2674 Lucretii,
312 2591 404 2674 quasi
427 2610 479 2657 res
503 2591 589 2668 sactu
605 2592 760 2658 facillima
780 2593 913 2677 luisset,
929 2609 1035 2675 neque
1050 2588 1239 2654 Lambinum

139 2712 240 2777 neque
263 2693 363 2759 alium
385 2699 451 2758 tam
473 2695 612 2761 eximiae
637 2695 847 2761 restitutionis
874 2700 1035 2760 auctorem
1057 2691 1124 2756 ulla
1144 2689 1242 2756 laude

138 2793 269 2880 dignum
298 2796 544 2862 existimarunt.
568 2797 685 2863 erroris
711 2798 802 2882 origo
834 2795 1008 2863 lectoribus
1034 2794 1151 2860 uostris
1177 2812 1240 2858 non
1375 2825 1379 2834 ·

137 2905 237 2981 potest
253 2897 391 2964 obscura
402 2919 491 2966 esse:
503 2905 640 2984 apparet
646 2899 749 2983 enim,
763 2900 789 2964 si
798 2900 907 2964 titulos
915 2897 1109 2964 carminibus
1120 2893 1239 2978 addas,

137 3020 246 3069 versus
263 3023 356 3086 xxvi,
373 3003 427 3088 qui
447 3001 572 3088 priores
589 3020 660 3067 esse
683 2999 863 3086 debebant,
880 3007 954 3086 post
975 3001 1058 3066 alios
1078 2999 1154 3064 item
1169 3019 1241 3062 xrvr

137 3103 310 3171 collocatos
332 3123 425 3189 esse,
440 3104 527 3188 quod
551 3103 618 3170 lieri
641 3123 705 3170 non
727 3104 831 3188 potuit
852 3104 915 3170 nisi
937 3123 995 3190 per
1017 3099 1167 3168 schedam
1190 3117 1240 3164 co-

137 3202 214 3271 dicis
226 3205 394 3293 archetypi
407 3207 554 3274 austeris
567 3207 705 3273 solutam
717 3213 749 3273 ct
759 3207 921 3274 inversam
934 3255 942 3292 ,
958 3223 1042 3291 quae
1054 3203 1114 3270 fuit
1125 3209 1241 3269 cctam

137 3305 227 3373 buius
251 3308 346 3394 libri,
363 3308 483 3374 codicis
506 3309 602 3374 totius
616 3329 736 3372 nnvnr.

11 3475 13 3486 ,
216 3410 291 3476 324.
315 3410 405 3475 Frnn
432 3432 502 3495 ur,
526 3430 620 3474 aurs
647 3401 791 3477 oounus
817 3430 952 3477 rusam
980 3431 1045 3482 cnr
1072 3432 1238 3496 nnxrna,

11 3547 13 3560 ι
136 3531 178 3575 cr
200 3533 315 3576 nunu.
339 3511 401 3591 Qui
423 3512 534 3597 priora
556 3519 641 3579 recte
668 3512 873 3600 distinxerit,
896 3535 961 3581 non
984 3515 1143 3581 dubitabit
1163 3514 1240 3598 quin

136 3613 335 3682 scribendum
358 3615 401 3680 sit
415 3615 484 3681 dier
505 3635 567 3678 rra
582 3664 589 3680 .
606 3623 765 3682 corrector
784 3617 934 3701 quadrati
951 3619 1060 3704 inepte
1082 3631 1153 3683 octe
1168 3641 1239 3683 oco-

136 3715 179 3781 lca
189 3741 201 3800 ,-
215 3737 279 3800 quo
300 3723 420 3784 temere
442 3724 571 3803 arrepto
589 3717 809 3786 Wakefieldus
833 3720 908 3786 lecit
922 3723 1009 3805 Fiet,
1026 3729 1054 3788 et
1076 3733 1147 3786 acta
1169 3743 1238 3786 cca-

136 3818 293 3906 lcsfuerc't
313 3821 374 3907 qai
391 3819 520 3904 dacter,
535 3833 569 3886 at
587 3820 690 3888 idem.
707 3822 862 3888 Marullus
877 3823 953 3889 item
969 3823 1054 3889 male
1069 3823 1119 3888 iric
1134 3821 1238 3888 s'dem.

216 3920 289 3986 327.
312 3920 484 3999 Quisque
499 3943 615 3986 nrrsu
638 3944 771 3989 anxur
792 3947 893 3989 rrnnr
915 3945 1129 3990 sruunnoas
1153 3945 1238 3989 sun·

134 4042 240 4086 arur.
257 4022 387 4088 Nullius
402 4023 511 4090 iudicii
535 4031 584 4091 est
598 4025 649 4091 hio
664 4028 802 4114 queisque
823 4053 880 4094 rec
895 4029 941 4094 ita
955 4047 1071 4114 capere
1092 4034 1128 4092 ut
1150 4028 1238 4114 apud

135 4123 298 4192 Horatium
319 4131 378 4192 bea
398 4139 513 4212 septen
528 4127 643 4193 milrb.
666 4135 698 4194 et
719 4131 814 4215 peius
829 4129 1051 4196 Wakefieldus
1066 4131 1239 4197 simulacro

135 4229 290 4315 purisque,
307 4230 402 4295 etiam
424 4228 723 4296 asscribendum
739 4239 788 4298 est
803 4233 947 4320 Quinque
967 4235 1060 4299 etiam
1075 4253 1145 4298 sun
1161 4259 1218 4300 sec
1227 4283 1237 4318 ‚

135 4333 167 4394 ut
188 4350 283 4396 versu
304 4330 369 4397 577
392 4331 458 4398 Sea·
480 4333 572 4398 arma
594 4346 649 4398 aot
669 4347 805 4421 septem.
820 4333 976 4400 Marullus
997 4360 1109 4402 sexve.

215 4433 287 4499 328.
310 4433 663 4500 nurnnrn.biarullus
685 4457 904 4504 urrunnun.

216 4534 287 4600 334.
323 4537 414 4602 Inus
452 4557 571 4601 aarao
608 4557 759 4602 nunsuu
798 4559 909 4602 annnr
945 4560 988 4602 nr
1025 4559 1236 4604 couvaarrr
