3096 5142
669 377 715 444 1v
1184 379 1247 447 263

64 591 69 606 ·
146 571 241 635 neque
255 549 453 634 Propertium
476 549 509 614 in
531 571 578 632 ιιι,
590 549 641 633 24,
653 549 694 615 51
711 548 877 634 scripsisse
897 549 933 614 Ia'
951 551 1011 615 trit
1029 573 1086 614 aas
1109 551 1245 634 artinas,

145 673 240 738 neque
263 651 413 720 Ovidium
435 653 469 718 in
491 651 790 737 metamorphoseon
806 671 875 735 vm,
892 651 954 716 726
978 650 1064 717 Oura
1086 650 1177 717 deam
1196 654 1251 738 pii

145 770 210 822 sam
222 805 231 840 ,
253 756 340 840 quod
367 757 396 822 ei
426 755 571 822 homines
597 754 736 840 imperiti
762 752 974 833 adscribunt,
997 772 1069 818 oum
1094 753 1127 818 in
1153 753 1247 820 bonis

137 858 375 942 'exemplaribus
401 865 486 925 reete
513 859 641 941 legatur
664 857 750 923 Caro
772 855 864 921 deum
886 855 925 921 da·
942 857 1028 940 aiat,
1051 855 1084 921 id
1108 862 1156 923 est
1177 855 1248 922 Sint

144 960 229 1026 nohis
251 958 385 1027 deorum
411 962 484 1028 loeo
506 980 587 1046 quos
609 959 671 1046 ipsi
694 957 748 1026 dei
771 977 831 1024 sua
853 976 931 1024 oure
952 956 1075 1042 dignati
1098 966 1195 1044 sunt,
1219 973 1248 1025 et

144 1065 198 1147 qoa‘
213 1064 335 1130 coluere
357 1064 521 1130 colantur.

221 1165 293 1232 681.
319 1164 471 1230 Unouna
500 1187 573 1238 ono
602 1186 761 1230 annnarr
788 1185 954 1228 naasson
980 1185 1162 1229 raourssa
1186 1187 1246 1229 os-

144 1287 210 1330 ana
232 1289 289 1332 vrs
312 1269 434 1333 Duorr
455 1318 462 1334 .
485 1269 539 1336 Sio
564 1275 698 1352 uterque
725 1267 827 1333 oodex
847 1316 855 1334 .
876 1287 1058 1332 aanurssa
1084 1268 1247 1335 Iohannes

143 1368 326 1438 Frederious
342 1370 545 1456 Gronovius,
561 1373 617 1456 qui
632 1371 666 1438 id
682 1371 803 1457 optime
817 1376 923 1436 tuetur
937 1371 970 1436 in
985 1369 1245 1437 observationum
1326 1409 1342 1428 .-

143 1492 172 1555 ιι,
183 1473 219 1538 13
233 1494 266 1558 p.
278 1474 341 1540 317
354 1523 362 1540 .
377 1494 436 1559 pro
452 1474 554 1542 altero
569 1480 694 1559 pugnat
708 1473 862 1539 Heinsius
877 1472 910 1537 in
926 1471 1123 1538 adversariis
1138 1495 1169 1558 p.
1183 1473 1247 1539 374

143 1573 182 1640 atl
195 1575 306 1642 Silium
321 1597 367 1662 nr,
379 1576 444 1642 534
460 1599 467 1642 ι
487 1576 704 1643 redanimata
718 1583 751 1641 et
765 1575 897 1658 mentia
917 1593 983 1640 non
1005 1573 1154 1641 videntur
1170 1599 1246 1662 pro-

142 1679 220 1744 mitti
237 1685 294 1744 aut
315 1703 349 1744 ae
363 1681 548 1766 promittere
564 1729 572 1747 .
587 1684 758 1765 praeterea
779 1677 852 1742 huie
874 1678 1052 1743 sententiae
1071 1703 1132 1764 qao
1147 1679 1247 1744 tetulit
1350 1763 1352 1770 Α

141 1803 275 1864 prorsum
304 1781 478 1866 eonvenit,
502 1801 567 1847 non
594 1797 668 1868 qao·
681 1799 815 1863 eumque
842 1781 948 1845 tulerit
967 1804 979 1864 ,·
1002 1799 1104 1863 quare
1131 1780 1247 1845 reotius

143 1881 310 1950 soribemns
333 1907 394 1970 qao
417 1884 523 1949 tulerit
542 1905 686 1970 pressum
708 1884 839 1947 Drcrn.

221 1987 294 2054 696.
321 2006 517 2050 annonoan
539 2006 754 2050 vrnnnrna.
777 1983 945 2050 Correotor
974 1984 1105 2067 oblongi
1134 2004 1247 2048 anno-

142 2105 248 2150 anan.
564 2099 568 2108 '

221 2189 295 2258 698.
318 2199 405 2256 rtssa
428 2211 623 2257 casanata.
646 2190 719 2256 Itali
742 2211 934 2256 sansana.

222 2294 411 2360 706-721.
439 2294 519 2359 Nnc
546 2313 669 2358 rauna
692 2313 763 2357 noe
790 2313 916 2358 sonis.
939 2293 1000 2359 Hie
1025 2293 1111 2360 idem
1139 2293 1247 2361 obser·

143 2415 213 2463 vare
239 2397 315 2462 lieet
340 2397 426 2480 qnod
454 2416 551 2462 versu
575 2397 636 2464 129
658 2394 826 2462 vidnnus.
849 2415 923 2462 nam
951 2395 983 2462 hi
1007 2415 1120 2463 versus
1142 2417 1248 2482 nequo

143 2504 211 2584 epto
232 2499 304 2566 loeo
328 2499 425 2584 positi
448 2505 523 2564 suut
538 2548 546 2583 ‚
561 2517 665 2582 neque
686 2503 822 2582 possunt
843 2499 876 2564 in
898 2519 991 2564 suum
1006 2547 1014 2584 ,
1031 2499 1092 2565 hoo
1106 2505 1156 2566 ost
1174 2505 1249 2584 post

142 2600 221 2686 686,
238 2602 330 2669 traio'i
349 2651 356 2665 .
378 2602 469 2668 euius
492 2601 538 2666 rei
561 2619 644 2684 quae
665 2617 764 2666 eausa
785 2601 828 2666 sit
849 2601 914 2668 iam
936 2602 1016 2669 satis
1039 2609 1150 2687 patere
1165 2602 1248 2668 exis·

142 2701 233 2768 timo.

221 2805 295 2872 710.
324 2803 406 2884 Qum
432 2825 544 2869 aaran
572 2826 721 2870 nanuum
746 2826 894 2870 noorsrr
915 2823 1247 2870 axenosnnnrrans

135 2913 217 2969 'anns
233 2956 240 2972 .
257 2905 442 2987 Quadratus
457 2907 525 2989 ραν
546 2910 639 2974 ettam
659 2913 692 2973 et
711 2907 990 2994 explendemaiaa.
1011 2914 1171 2975 eorreotor
1192 2908 1247 2973 ob-

141 3005 225 3092 longi
247 3009 345 3089 Qnrn
368 3011 461 3076 ettam
487 3017 518 3076 et
545 3031 882 3075 axanannnnrrsns
902 3059 910 3074 .
933 3009 1160 3098 daapludaatar
1184 3009 1247 3076 leo·

141 3114 202 3175 tum
224 3118 274 3178 est
296 3111 382 3197 apud
404 3111 581 3180 Varronem
604 3111 645 3179 de
668 3133 703 3180 re
724 3113 845 3180 rustioa
858 3133 891 3198 11,
903 3112 967 3198 6,8
983 3161 991 3196 ‚
1007 3111 1248 3198 deiplordantar

142 3229 208 3276 oa.
267 3214 310 3280 4.

177 3233 197 3297 p
221 3215 735 3382 ll2.Rnr1n1-nn0nns.
752 3319 849 3384 nante
863 3338 991 3383 aaarnr
1007 3313 1246 3382 Wakefieldus.

15 3409 16 3418 ’
142 3412 198 3482 ‘oui
219 3418 371 3485 assentiri
393 3407 463 3488 non'
481 3439 610 3506 possum
628 3422 644 3506 ‚²
666 3421 770 3504 inquit
791 3419 948 3504 Forbiger
968 3469 975 3484 .
999 3417 1139 3485 debebat
1164 3419 1247 3485 seire

143 3517 240 3586 leones
253 3520 387 3606 reptiles
401 3523 516 3589 Latine
535 3521 599 3588 diei
622 3541 688 3588 non
709 3541 832 3608 posse:
848 3541 921 3588 nam
944 3521 1000 3588 vix
1022 3520 1176 3588 credibile
1199 3529 1249 3588 est

142 3620 232 3687 etiam
258 3641 344 3688 nuno
365 3625 538 3708 magistros
561 3643 632 3692 esse
654 3625 710 3708 qai
732 3630 768 3690 ut
789 3624 865 3690 olim
888 3643 1005 3710 pueros
1032 3622 1170 3689 doceant
1194 3647 1247 3689 ra-

139 3721 247 3806 pidam
269 3729 302 3790 et
323 3725 481 3812 trepidam
502 3747 567 3793 non
588 3746 660 3794 esse
683 3727 819 3794 oelerem
835 3733 867 3793 et
881 3731 1096 3809 eonnotnn,
1117 3724 1175 3792 sed
1197 3743 1247 3792 ra-

142 3841 249 3906 pacem
272 3833 304 3894 et
326 3826 585 3896 tremibundum.

14 3991 15 4014 ἶ
221 3929 295 3997 719.
316 3951 626 3997 rananasnrraus
643 3953 755 4018 urnas.
779 3931 946 3998 Oorreotor
967 3930 1116 4014 quadrati
1139 3936 1171 3998 et
1197 3950 1247 3998 oo-

55 4051 60 4066 ·
143 4023 225 4096 diaes
247 4031 396 4117 impressi
418 4053 539 4098 ranas.

223 4133 296 4200 721.
324 4155 373 4198 nn
402 4155 558 4200 rossrnr
587 4157 635 4200 nx
664 4157 789 4201 nana.
822 4138 1024 4204 Correotores
1052 4141 1178 4202 veteres
1208 4159 1248 4202 em

143 4251 257 4300 uana.
280 4236 457 4320 quadratus
478 4241 704 4325 nonpossint.
812 4237 814 4240 ’

223 4337 295 4404 722.
328 4359 581 4412 anarrnaoua
609 4361 733 4406 annr.
762 4339 944 4418 Quadratus
972 4343 1184 4427 bratieaqae.
1213 4339 1248 4405 in

144 4435 300 4507 Aeneidos
314 4461 357 4527 vr,
373 4443 436 4510 209
459 4442 622 4509 Medioeus
644 4448 676 4509 at
697 4443 861 4508 Romanus
883 4444 1026 4526 ὁταιιοα,
1048 4461 1129 4526 quos
1150 4440 1248 4523 Wag-

143 4555 234 4606 usrus
248 4562 311 4610 non
326 4545 451 4613 ouranit
465 4594 474 4628 ,
490 4559 605 4629 neque*
619 4544 712 4610 aliter
727 4543 926 4629 exemplaria
942 4543 1100 4610 Martialis
1116 4563 1183 4626 vrn,
1195 4542 1247 4626 33,
