3052 5144
642 472 657 536 1

93 655 139 714 est
161 649 278 734 igitur,
300 648 332 712 ni
354 646 490 722 mirum,
513 644 545 707 id
569 640 656 724 quod
677 641 800 706 ratione
822 639 932 724 sagaci

91 765 291 846 quaerimus,
316 763 489 828 admixtum
515 759 628 834 rebus,
652 754 737 840 quod
759 755 1050 839 inanessvocamus.

27 901 71 944 :uo
135 878 216 942 lllud
238 879 270 942 iu
293 877 342 940 his
363 876 460 942 rebus
482 893 523 940 ne
545 879 575 938 tc
599 871 758 938 deducere
781 890 857 936 vero

91 993 205 1076 possit,
231 992 315 1074 quod
340 991 468 1074 quidam
492 987 632 1071 lingunt,
655 1003 858 1069 praecurrere
880 1003 994 1070 cogor.

92 1105 201 1170 cedere
222 1105 438 1190 squamigeris
459 1105 571 1170 latices
595 1103 768 1170 nitentibus
791 1103 880 1168 aiunt

90 1229 119 1283 et
141 1221 281 1303 liquidas
303 1221 425 1305 aperire
448 1220 538 1297 vias,
562 1221 638 1302 quia
660 1225 733 1302 post
755 1219 826 1283 loca
848 1219 952 1301 pisces

91 1335 251 1420 linquant,
277 1357 339 1419 quo
362 1335 486 1418 possint
508 1334 656 1401 cedentes
679 1333 837 1400 confluere
860 1333 985 1397 undae:

30 1471 70 1514 :us
90 1451 134 1514 sic
155 1451 238 1514 alias
262 1469 386 1532 quoquc
409 1469 460 1514 res
482 1450 563 1514 inter
586 1469 620 1514 se
644 1468 738 1532 posse
761 1448 879 1512 moveri

90 1572 266 1630 simulare
292 1565 418 1642 locum,
442 1565 588 1646 quamvis
611 1565 674 1630 sint
696 1565 803 1629 omnia
826 1564 940 1646 plena.

90 1681 229 1757 scilicet,
255 1679 288 1744 id
312 1679 394 1746 falsa
415 1687 514 1744 totum
537 1680 662 1745 ratione
685 1683 896 1762 receptumst.

90 1817 161 1860 nam
185 1817 250 1878 quo
275 1795 466 1878 squamigeri
490 1801 638 1878 poterunt
660 1795 833 1878 procedere
854 1791 1007 1866 tandem,

91 1912 119 1974 ni
141 1911 283 1995 spatium
306 1909 451 1974 dederint
472 1909 612 1976 latices?
636 1910 811 1974 consedere
833 1929 929 1993 porro

31 2045 71 2089 :rso
92 2047 151 2108 quo
174 2031 326 2109 poterunt
347 2023 473 2096 undae,
497 2045 566 2090 cum
589 2025 694 2109 pisces
716 2025 762 2088 irc
785 2021 986 2104 nequibunt?

90 2147 141 2204 aut
163 2141 262 2222 igitur
284 2145 370 2204 motu
392 2140 611 2223 privandumst
634 2161 770 2223 corpora
794 2156 959 2220 quaeque,

92 2261 144 2319 aut
166 2274 239 2320 csse
264 2253 437 2318 admixtum
462 2253 661 2320 dicundumst
685 2256 778 2320 rebus
799 2256 916 2334 inane,

91 2369 172 2435 nunde
195 2370 310 2434 initum
333 2369 467 2452 primum
491 2370 600 2453 capiat
623 2391 674 2436 res
697 2388 845 2451 quaeque
868 2365 1037 2432 movendi.

93 2491 254 2567 postremo
278 2483 341 2547 duc
364 2481 404 2547 de
426 2503 580 2550 concursu
603 2506 738 2569 corpora
761 2487 829 2550 lata

34 2616 74 2661 ru
94 2599 119 2662 si
141 2601 205 2664 cita
231 2597 407 2679 dissiliant,
431 2618 545 2681 nempe
568 2606 624 2664 altr
645 2619 739 2664 ourne
761 2604 945 2680 necessest,

94 2713 171 2778 inter
194 2731 333 2796 corpora
356 2711 440 2793 quod
462 2712 537 2786 fiat,
561 2713 707 2796 possidat
728 2714 844 2780 inane:

95 2825 119 2890 ir
140 2848 238 2912 porro
262 2826 406 2910 quamvis
429 2826 545 2892 circum
568 2829 783 2894 celerantibus
807 2827 891 2892 auris

96 2941 253 3014 confluat,
278 2940 364 3005 haud
386 2942 501 3024 poterit
523 2947 630 3007 tamen
653 2964 714 3008 runo
737 2951 878 3026 tempore
901 2947 1000 3006 totum

97 3056 248 3139 compleri
271 3057 429 3139 spatium:
455 3077 527 3121 nanu
551 3057 685 3139 primurn
708 3075 864 3139 quemque
887 3059 1047 3120 necessest

39 3189 77 3229 uo
97 3177 228 3254 occupet
250 3169 303 3234 ille
327 3173 449 3244 locum,
472 3169 589 3236 deinde
614 3171 722 3236 ‹iruuia
745 3170 988 3256 possideantur.

98 3283 178 3366 quod
202 3284 229 3348 si
252 3284 331 3348 forte
354 3284 489 3364 aliquis,
512 3305 581 3350 cum
605 3306 742 3370 corpora
764 3285 951 3366 dissiluere,

97 3407 159 3462 tum
180 3403 273 3482 putat
294 3398 327 3462 id
348 3398 415 3463 deri
440 3378 516 3482 quia
537 3420 572 3466 se
596 3401 791 3466 condenseat
813 3408 888 3476 ae'r,

99 3520 202 3578 errat:
228 3535 301 3577 riam
324 3533 457 3580 vacuum
481 3523 545 3580 turin
568 3515 602 3578 iit
625 3515 708 3595 (quiid
734 3537 795 3580 riou
818 3514 876 3578 luit
899 3521 994 3592 ante,

100 3636 128 3692 ct
149 3633 288 3718 repletur
309 3634 384 3698 item
407 3651 541 3696 naculum
565 3629 650 3711 qumd
674 3630 812 3694 constitit
836 3635 929 3711 ante,

41 3757 81 3803 uss
102 3763 159 3808 nee
180 3747 238 3812 tali
261 3747 385 3814 ratiurne
407 3753 512 3831 potest
534 3744 697 3809 denserier
720 3752 795 3817 as'r,

102 3877 179 3942 nec,
202 3863 228 3925 si
251 3863 314 3927 iam
337 3859 560 3946 posset‚.sine
582 3859 667 3924 inani
691 3863 820 3941 posset,
845 3858 978 3942 opinor,

102 3969 170 4054 ipse
193 3974 224 4038 in
248 3996 282 4041 se
304 3975 430 4040 trahere
454 3981 485 4040 et
506 3973 607 4058 partis
630 3971 807 4038 conducere
828 3975 861 4038 in
884 3993 998 4037 uinum.

142 4087 212 4165 Qua
235 4095 384 4174 propter,
408 4089 553 4170 quamvls
576 4088 740 4153 causando
763 4088 863 4152 rnulta
885 4087 1040 4170 moreris,

106 4353 152 4401 372
172 4355 257 4405 alunt.
287 4355 302 4424 ll
330 4359 379 4407 383
399 4357 501 4406 initium
530 4353 543 4421 ll
573 4359 623 4406 ³84
643 4369 766 4404 concurso
791 4353 804 4420 Η
832 4359 882 4406 386
902 4357 945 4406 liat
970 4355 983 4424 Η
1010 4359 1060 4405 389
1080 4355 1185 4416 quisque
1206 4351 1219 4420 Η

106 4439 152 4488 :lllll
172 4445 344 4494 condensarier
