3052 5150
648 394 697 459 III
1164 395 1224 462 195

130 567 225 632 calta.
240 567 317 650 quin
339 566 410 651 ipse
425 565 560 631 Plautus
584 565 643 630 boo
662 564 758 631 modo
773 564 864 630 hiare
886 571 993 630 amat.
1008 565 1041 630 in
1058 565 1228 632 Aulularia

129 669 234 754 proiit
249 669 348 734 Patri
367 691 486 756 avoque
508 670 574 734 iam
595 669 689 734 isaias
710 670 769 756 qui
787 692 870 734 narro
885 669 936 733 irio
957 669 1066 734 babet.
1082 668 1116 734 in
1130 668 1229 735 Pseu-

7 853 8 858 ,
129 763 481 854 dulorv,7‚105'llrt
502 773 641 858 siaapirm
668 773 863 860 obsipaatam
892 771 1060 858 epistulam
1085 773 1135 837 iria
1156 785 1228 838 ante

7 893 8 908 ¹
128 875 253 939 maiam.
269 873 462 946 iuBudeuta
477 895 499 958 1,
512 873 542 959 2,
556 873 597 941 93
612 873 751 962 Siopsid
763 877 962 958 memoras,
977 874 1060 938 anabi
1069 873 1148 939 dari
1160 898 1228 960 ope-

127 1000 190 1040 ram
210 977 280 1042 volo
294 1026 302 1043 .
317 997 360 1061 rr,
376 977 406 1062 3,
423 976 466 1043 80
488 977 624 1056 Quemne
646 1002 702 1065 opo
729 978 842 1063 excepi
864 978 899 1042 ia
920 977 1082 1042 martial
1104 1000 1159 1063 eqo
1180 979 1228 1042 ia-

127 1081 261 1165 spaotaoi
273 1103 290 1145 e
312 1080 422 1146 latore.
438 1080 471 1144 in
488 1081 629 1146 Poenulo
645 1101 666 1164 r,
680 1080 710 1164 3,
723 1079 785 1161 23,
802 1081 911 1166 Neque
933 1087 1086 1164 quantam
1100 1081 1229 1164 aqoaairt

127 1182 157 1244 rin
176 1188 263 1247 marl
273 1231 281 1246 .
298 1183 449 1248 abitaraa
471 1183 529 1248 es?
543 1203 576 1266 rr,
588 1181 631 1248 49
654 1182 799 1248 Oertrim.
815 1194 879 1246 tam
902 1195 935 1245 ta
956 1183 1057 1266 ipsior-
1078 1181 1130 1247 die
1151 1181 1232 1248 bono

127 1283 328 1370 Aphrodisiis
341 1335 348 1349 .
363 1285 452 1370 1v,·2,
465 1285 505 1350 81
522 1284 589 1363 Qat
607 1289 676 1350 iam
691 1285 850 1370 rampart
868 1285 928 1349 lrao
943 1282 1086 1367 mouit,
1101 1307 1229 1370 meoque

127 1390 178 1454 oro
189 1411 257 1454 aum
274 1388 326 1453 bio
336 1385 508 1482 'vendidit
524 1387 557 1451 in
572 1385 751 1452 Mercatore
765 1407 809 1469 rr,
821 1385 851 1468 4,
864 1388 884 1452 9
900 1387 986 1452 Aba.
1001 1385 1082 1472 qaid
1095 1387 1230 1453 abeam

127 1503 174 1572 a,
193 1491 273 1556 aot.
294 1490 442 1556 abramne
459 1491 473 1554 i
492 1490 568 1554 abi.
590 1489 623 1554 in
651 1487 765 1554 eadem
785 1509 815 1574 r,
832 1487 898 1572 ab
925 1490 1026 1554 Domi
1050 1501 1118 1554 arat
1145 1487 1230 1575 qnod

127 1591 339 1678 quaeritabam
352 1641 360 1656 .
375 1592 409 1656 in
425 1592 611 1658 Trinummo
625 1611 660 1676 11,
672 1590 703 1676 4,
718 1591 778 1658 159
800 1589 922 1679 Lepide
943 1590 1046 1656 birola
1072 1591 1154 1678 apro
1174 1615 1229 1678 epo

127 1693 177 1758 loo
197 1695 280 1760 lano
303 1719 406 1761 sanam
429 1693 588 1762 dolorm:
604 1695 651 1761 sio
674 1691 925 1760 Ambrosianus.

205 1797 280 1864 943.
304 1817 418 1860 vunnu
440 1817 554 1861 runnu
576 1818 693 1862 mors.
712 1797 824 1880 binio,
842 1795 994 1880 quoniam
1017 1815 1108 1861 snum
1131 1814 1228 1879 quae·

127 1919 184 1982 que
204 1919 259 1966 ars
282 1899 438 1984 loquendi
460 1921 551 1966 usum
574 1899 691 1982 habet,
707 1919 771 1964 non
793 1901 929 1964 iaor’tar.
946 1904 1031 1964 reete
1053 1897 1228 1964 Lambinus

126 2021 243 2086 mors,
268 2022 311 2068 ne
326 2002 446 2068 iudioio
469 2000 598 2085 quidem
619 2001 706 2066 saoto
729 2001 972 2066 emendationis.
1010 1999 1181 2066 Sallustius
1196 2001 1229 2065 in

128 2105 277 2189 iugurtha
295 2105 344 2189 10,
357 2105 378 2170 3
392 2107 541 2192 quoniam
555 2104 638 2169 moiri
656 2117 773 2170 natura
785 2105 877 2184 finem
893 2105 975 2169 abae
988 2101 1097 2189 faoit.
1117 2102 1228 2170 Cicero
1326 2137 1329 2142 ·

127 2206 156 2272 in
176 2208 387 2294 epistularum
409 2206 452 2272 ad
466 2206 607 2272 Altinum
629 2205 711 2271 libro
734 2205 918 2289 xv1‚16‚16
940 2218 975 2270 ot
995 2217 1121 2270 nostroe
1142 2205 1228 2271 oolli-

127 2311 275 2377 citadinio
286 2309 390 2396 fluam
411 2333 507 2396 qaam
524 2310 667 2396 primam
678 2307 794 2394 facere
811 2310 991 2394 possimos.

204 2413 280 2480 945.
305 2413 411 2492 Quor>
426 2432 567 2476 rancun
581 2461 588 2475 .
604 2412 702 2477 Reate
717 2429 829 2476 omnes
849 2415 978 2495 praeter
993 2413 1119 2476 ratores
1134 2427 1230 2475 mem·
1275 2469 1288 2492 ,

128 2514 240 2584 braum
265 2515 359 2596 Quod
379 2534 566 2580 rusonnr.

206 2619 282 2688 947.
313 2616 507 2696 (lourucrr
538 2637 928 2702 nnnouaurrr,nnurru
957 2635 1080 2681 annun
1113 2635 1230 2680 ouum

127 2743 286 2786 unsrun.
309 2720 477 2788 (iorreetor
502 2719 652 2805 quadrati
679 2725 711 2786 et
739 2720 836 2786 aeteri
862 2739 1057 2783 nasoonnn
1084 2726 1117 2785 et
1143 2739 1229 2782 uns-

127 2845 236 2891 rnnr.
853 2847 857 2854 ·

207 2925 282 2995 948.
306 2947 339 2989 s1
359 2945 502 2988 runons
515 2973 523 2991 .
538 2925 600 2990 Hio
626 2945 754 3012 quoque
780 2929 866 2990 reoto
889 2924 1085 3009 Lambinus,
1102 2921 1159 2990 sed
1181 2928 1228 2988 ta·

128 3030 204 3116 alte,
221 3031 256 3096 si
267 3047 410 3092 renone
424 3049 432 3092 ε
447 3029 567 3093 namin
579 3047 674 3095 versu
690 3027 857 3113 proximo,
874 3028 929 3113 qui
941 3025 1101 3111 quadrato
1116 3025 1227 3109 abest,

127 3137 159 3196 nl
178 3132 245 3198 (lixi
269 3129 313 3197 ad
336 3129 421 3214 ⁵159,
437 3130 556 3214 legitur
577 3133 610 3197 si
627 3153 798 3217 numquam
821 3129 866 3194 sis
887 3133 1080 3195 morbertus.

207 3233 282 3302 950.
306 3231 404 3312 Qum
426 3253 767 3316 nusrorruunos,s1
787 3251 948 3298 rusrnu.
964 3231 1118 3297 Marullus
1133 3251 1228 3297 orer.

129 3353 221 3422 supra
242 3336 305 3402 771
328 3335 487 3418 oblongus
508 3338 541 3401 oi
559 3338 619 3402 orit
640 3358 786 3402 consors.

208 3440 283 3508 952.
317 3439 447 3508 Arous
481 3457 621 3502 onrruu
654 3457 923 3502 nnununnrun.
951 3436 1041 3503 idem
1075 3437 1229 3526 Marullus

130 3541 251 3629 Atqui
269 3542 407 3623 obiam,-
422 3559 487 3604 non
510 3547 617 3606 reeta:
633 3540 729 3606 debet
751 3540 834 3606 enim
856 3545 932 3604 ante
953 3539 1038 3606 buno
1059 3559 1187 3607 versum
1202 3542 1230 3606 is

131 3643 299 3727 oolloeari,
317 3642 372 3726 qui
400 3641 554 3708 orationis
584 3643 675 3708 laxat
699 3643 848 3726 vinnula,
865 3641 941 3706 dum
969 3649 1104 3708 naturae
1130 3643 1231 3709 verba

129 3743 347 3830 interrumpit,
364 3743 529 3810 Graadrbr
554 3745 604 3809 laio
631 3768 703 3810 ooro
729 3745 845 3810 eiiam
871 3745 1037 3831 seniorque
1059 3759 1230 3831 queratur.

210 3848 283 3916 954.
300 3849 430 3912 Aurea
444 3869 582 3912 nnnruc
594 3867 803 3929 uncnruss,
819 3867 990 3910 onnsrnn
1005 3895 1012 3910 .
1030 3841 1229 3934 Βάραθρος,

131 3951 304 4016 oonrioum
327 3948 466 4016 hominis
493 3949 644 4015 barathro
671 3947 763 4032 digni
791 3967 812 4013 a
834 3948 1051 4032 compluribus
1073 3969 1231 4033 gramma·

131 4049 197 4117 linis
224 4052 358 4118 Graecis
384 4072 425 4118 ex
452 4053 608 4138 scriptore
635 4049 732 4117 hodie
760 4051 871 4133 ignoto
897 4051 1052 4136 relatum,
1069 4053 1230 4137 quomodo

131 4160 254 4236 poetam
276 4155 426 4220 Latinum
449 4153 563 4221 dooere
589 4153 693 4240 possit
716 4171 780 4217 non
802 4151 919 4218 rideo.
935 4152 1090 4220 Marullus
1113 4155 1232 4220 barda.-

112 4257 242 4322 ‘reatino
267 4257 290 4322 ii
317 4276 452 4340 qnorum
480 4257 610 4322 uomina
630 4255 798 4320 Turnebus
831 4255 864 4319 in
890 4255 1150 4322 adversariorum
1176 4275 1230 4340 xx,

132 4356 170 4422 26
200 4361 330 4442 ratioet,
351 4358 406 4442 qui
439 4357 592 4424 volebant
624 4377 794 4421 renarro
813 4403 819 4418 .
840 4356 901 4422 hoo
934 4358 1019 4424 idem
1052 4367 1126 4444 post
1158 4359 1231 4424 illos·

134 4457 279 4528 Nioolaus
301 4461 455 4526 Heinsius
477 4461 623 4539 invenit,
644 4460 698 4543 qui
721 4459 869 4544 exposuit
891 4461 934 4526 ad
957 4461 1064 4528 Ovidii
1087 4480 1230 4526 amorum

134 4563 217 4646 ru,3,
232 4569 244 4628 1
259 4613 268 4648 ,
284 4563 441 4649 probante
460 4562 608 4627 Bentleio
631 4562 674 4628 ad
696 4561 822 4628 Horatii
845 4581 1027 4628 sermonum
1051 4583 1084 4640 11,
1100 4563 1131 4648 3,
1150 4563 1230 4628 166.

967 4664 1032 4730 13*
