3020 5146
358 415 400 482 02
896 415 940 478 Ill

358 583 411 664 qui
434 581 532 646 nimia
553 582 680 648 levitate
703 583 819 648 eadunt
841 583 1027 668 plerumque
1049 585 1226 666 gravatimc

359 716 419 760 neo
441 697 582 780 repentis
605 698 680 764 itum
705 699 844 764 cuiusvis
867 718 1000 780 cumque
1023 699 1196 768 animantis
1221 727 1227 736 ·

358 813 530 888 sentimus,
547 832 606 876 neo
628 814 719 898 priva
741 814 857 898 pedum
881 813 1019 896 vestigia
1041 833 1208 899 quaeque,

284 945 334 992 000
359 945 491 1010 corpore
515 927 652 1008 quaein
677 934 784 996 nostro
809 929 925 993 culices
949 934 981 992 et
1002 935 1109 994 eetera
1132 937 1273 1013 ponunt.

360 1061 459 1122 usque
482 1041 565 1106 adeo
590 1043 676 1126 prius
698 1048 747 1108 est
770 1043 802 1106 in
825 1043 917 1106 nobis
940 1043 1039 1107 multa
1061 1041 1205 1108 ciendum

284 1176 334 1221 000
360 1155 483 1220 semina
506 1157 691 1242 corporibus
715 1159 830 1222 nostris
852 1157 986 1220 inmixta
1008 1164 1193 1242 pensatus,

284 1289 333 1335 000
360 1289 456 1351 quam
479 1271 652 1354 primordia
675 1271 850 1336 sentiscant
872 1291 1028 1336 concussa
1051 1271 1168 1336 animai

284 1404 334 1450 004
360 1392 390 1449 et
413 1405 508 1466 quoru
532 1386 564 1450 in
587 1385 636 1450 his
658 1385 835 1450 intervallis
858 1384 1025 1450 tuditantia
1047 1386 1172 1470 possint

359 1517 549 1564 concursare
572 1499 657 1564 coire
679 1505 711 1562 et
733 1497 903 1564 dissultare
925 1498 1106 1586 vicissim]

399 1613 438 1675 Et
460 1613 564 1694 magis
587 1621 634 1678 cst
657 1613 782 1678 animus
805 1612 882 1676 vitai
905 1613 1045 1678 claustra
1067 1621 1216 1678 coercens

359 1731 390 1790 et
412 1726 626 1792 dominantior
648 1728 689 1792 ad
712 1729 810 1793 vitam
833 1748 929 1810 quam
954 1728 1002 1792 ris
1025 1727 1164 1792 animai.

361 1861 434 1904 uam
458 1841 527 1905 sine
550 1847 653 1906 rrrcnte
677 1839 848 1922 arrimoque
872 1842 980 1924 nequit
1002 1841 1142 1908 residere
1165 1863 1222 1928 per
1242 1847 1329 1907 artus

358 1957 511 2040 touqroris
534 1956 682 2040 exiguam
706 1961 827 2038 partem
850 1976 925 2038 pars
949 1956 1013 2020 ulla
1036 1957 1176 2040 animai,

284 2091 334 2136 rm
359 2070 417 2135 sed
440 2091 546 2136 corrues
571 2070 747 2152 insequitur
767 2069 863 2134 saeile
886 2077 917 2134 et
939 2070 1074 2135 discedit
1095 2072 1127 2136 in
1150 2091 1246 2136 auras

359 2191 391 2250 et
413 2185 537 2266 gelidos
560 2192 646 2249 artus
668 2185 700 2248 iu
723 2185 778 2249 leti
800 2185 918 2268 frigore
938 2185 1072 2267 linquit.

360 2307 392 2363 at
415 2305 522 2363 manet
544 2300 575 2363 in
601 2301 664 2362 vita
688 2299 736 2363 ouri
759 2319 849 2365 uirens
872 2300 1060 2380 animusque
1086 2301 1255 2365 remansit.

360 2414 505 2496 quamvis
529 2419 577 2478 est
599 2413 714 2478 nircum
738 2415 843 2478 caesis
866 2413 954 2479 lacer
976 2413 1115 2496 undique
1139 2415 1288 2482 urembris

359 2537 507 2604 truncus,
525 2528 675 2614 adempta
698 2528 805 2592 anima
828 2529 943 2593 circum
967 2529 1181 2612 membrisque
1205 2535 1326 2596 remota

285 2665 334 2712 roo
359 2646 436 2710 vivit
458 2651 489 2709 et
512 2643 617 2708 a'c'rias
640 2643 745 2710 vitalis
769 2644 899 2727 suscipit
922 2664 1040 2708 auras:

361 2759 387 2825 si
411 2779 474 2824 uon
501 2758 712 2842 omnimodis,
729 2765 763 2824 at
787 2779 903 2842 magua
926 2765 1016 2844 parte
1040 2757 1159 2824 animai

361 2874 522 2959 privatus,
540 2879 644 2936 tamcn
668 2874 699 2938 iu
723 2875 787 2938 vita
809 2880 970 2939 cunctatur·
994 2879 1025 2939 et
1046 2873 1175 2952 haeret;

360 2998 413 3070 ut,
432 2990 570 3054 lacerato
595 2988 686 3052 oculo
710 2989 827 3053 circum
851 2989 877 3053 si
901 2989 1019 3074 pupula
1040 2987 1157 3064 mansit

359 3105 546 3185 incolumis,
564 3109 628 3168 slat
650 3105 800 3168 cernundi
823 3104 930 3168 vivata
953 3109 1117 3188 potestas,

286 3241 336 3286 ruo
361 3219 434 3282 (lum
459 3218 553 3281 modo
578 3239 618 3283 ue
642 3223 739 3282 tolum
762 3238 947 3302 corrumpas
970 3217 1098 3284 luminis
1121 3217 1250 3300 orbem,

361 3339 391 3396 ct
414 3332 528 3396 circum
552 3332 669 3398 oacdas
691 3332 792 3397 aciem
814 3333 983 3414 solamque
1007 3333 1187 3414 relinquas:

286 3469 335 3515 rra
361 3455 395 3511 at
418 3447 445 3510 si
468 3447 591 3510 tantula
615 3467 688 3530 pars
712 3448 793 3512 oculi
816 3447 924 3512 media
946 3447 1002 3511 illa
1024 3467 1137 3531 peresa
1159 3451 1227 3528 est,

361 3559 477 3626 occidit
499 3561 658 3644 extemplo
682 3562 788 3626 lumen
812 3563 1025 3644 terrebraeque
1047 3566 1216 3628 secuntur.

288 3699 338 3744 410
363 3676 423 3740 hoo
445 3675 555 3740 aairua
576 3680 671 3756 atque
695 3677 819 3741 animus
842 3678 937 3742 vineti
960 3685 1031 3742 sunt
1053 3676 1181 3740 loedere
1204 3694 1348 3758 semper.

400 3793 492 3855 Nune
514 3809 596 3874 age,
612 3789 740 3854 nativos
762 3791 977 3858 animantibus
1000 3799 1031 3857 et
1053 3789 1197 3856 mortalis

366 4123 413 4169 991
436 4121 541 4170 ciendo.
567 4117 580 4188 ΙΙ
607 4125 657 4171 394
677 4121 708 4170 Et
727 4123 827 4184 quantis
853 4119 867 4188 Η
893 4123 942 4170 999
961 4121 1074 4182 cxigiarn
1100 4118 1112 4186 ΙΙ
1138 4123 1221 4169 4993
1247 4116 1261 4186 Η
1285 4122 1334 4169 493
1352 4125 1444 4166 cretum.

366 4211 416 4256 494
436 4219 532 4257 remor.
553 4205 566 4274 ΙΙ
590 4211 640 4258 495
660 4209 784 4258 aetherias
809 4205 821 4274 ΙΙ
847 4211 897 4256 419
916 4207 944 4256 Id
964 4223 1065 4269 qnoque
1084 4207 1151 4257 enirn
1168 4205 1223 4255 sinc
1241 4206 1352 4270 pernicie
1368 4214 1408 4250 nou
1423 4195 1449 4241 fill

366 4309 469 4342 eorum.
499 4293 512 4362 ΙΙ
542 4299 592 4346 tro
616 4295 754 4346 Incolumis
773 4295 886 4358 quamvis
905 4295 1002 4358 alioqui
1021 4294 1165 4359 splendidus
1188 4293 1273 4345 ortis.
1304 4293 1316 4359 ῃ
1344 4291 1386 4340 tlt
1405 4292 1450 4330 0¹⁰¹·
1490 4309 1491 4346 l

368 4383 476 4434 talibus.
