3052 5150
296 401 359 468 206
822 398 872 464 Ill

385 571 477 637 1032.
498 571 549 636 llr
565 591 777 634 conrausrr
793 591 902 642 nours
918 590 1135 635 rusurrass.
1152 571 1394 652 correctorqua-

298 673 382 740 drati
405 680 437 739 ct
459 675 555 740 ceteri
578 694 807 739 rasunrass.

385 759 476 843 1033.
499 796 718 841 uonrsunoo
742 797 915 843 consona
937 799 1072 843 suurn.
1093 776 1249 842 Marullus
1269 793 1397 839 suurn.

385 880 476 945 1034.
501 881 733 963 Scrrrnnss,
756 900 865 944 assur
890 901 1065 946 rupuar.
1088 877 1292 946 Gorrcctores
1324 875 1399 942 auti·
1422 945 1426 954 ,
1503 935 1504 944 ,

296 981 444 1065 quissimi
461 988 493 1047 et
508 981 702 1058 recentiores
717 981 880 1067 universi,
897 983 973 1050 item
986 981 1168 1048 Macrobius
1180 982 1311 1048 Satura.
1326 979 1398 1061 vr,1,

297 1084 485 1171 Scipiades.
506 1103 586 1150 sanc
609 1083 692 1148 hanc
713 1085 791 1150 recti
815 1103 910 1150 casus
933 1084 1069 1150 sormam
1091 1083 1276 1150 Priscianus
1296 1082 1402 1148 statuit

297 1207 330 1270 p.
344 1187 427 1272 7293
447 1193 534 1252 recte
555 1183 706 1268 quidem:
722 1185 781 1252 sed
810 1207 850 1252 ea
878 1187 932 1274 qui
959 1205 1036 1252 usus
1063 1187 1107 1252 sit
1132 1187 1255 1252 nullum
1280 1191 1401 1272 poetam

297 1289 394 1355 novi.
411 1294 443 1354 et
465 1289 498 1354 iu
513 1288 672 1355 vocabulo
695 1289 782 1372 quod
799 1290 937 1355 Ennium
953 1290 1091 1375 primum
1114 1289 1279 1356 invenisse
1293 1287 1401 1374 proba-

297 1391 363 1456 bile
385 1397 454 1475 est,
470 1391 540 1456 iuro
563 1391 674 1474 quaeri
697 1397 803 1476 potest
825 1411 997 1474 quamnam
1019 1391 1075 1458 ille
1090 1392 1251 1458 Graecam
1273 1379 1402 1458 formam

297 1493 478 1577 eligendam
490 1493 653 1578 putaverit
665 1515 672 1572 ;
686 1513 881 1577 quamquam
893 1493 1029 1560 eundem
1041 1494 1132 1560 biatu
1145 1493 1308 1580 admisso,
1320 1495 1402 1560 cuius

297 1615 427 1662 causam
451 1595 493 1660 ad
517 1595 632 1662 librum
654 1616 697 1680 vr,
711 1597 774 1661 143
789 1615 968 1682 exponam,
984 1597 1092 1684 Scipio
1109 1599 1224 1664 incute
1240 1596 1402 1682 scripsisse

298 1699 409 1765 Cicero
431 1703 567 1764 testatur
593 1698 626 1763 in
650 1697 785 1765 Oratore
810 1697 895 1764 152.
919 1698 1006 1783 quod
1033 1699 1075 1764 ab
1099 1719 1137 1765 eo
1165 1699 1199 1764 in
1221 1697 1402 1786 prohoemio

298 1801 465 1867 annalium
491 1801 630 1886 positum
654 1800 755 1867 luisse
781 1802 947 1886 suspicor,
963 1803 1062 1887 paulo
1090 1809 1166 1868 ante
1193 1803 1255 1869 hos
1277 1819 1402 1883 versus,

297 1903 353 1988 qui
376 1903 463 1988 apud
476 1902 673 1968 Trebellium
693 1903 871 1970 Pollionem
894 1903 928 1967 in
952 1901 1088 1970 Claudio
1110 1923 1176 1970 non
1200 1905 1283 1972 satis
1306 1923 1402 1970 emen·
1503 1913 1504 1950 ἑ

298 2007 373 2074 date
401 2006 511 2091 scripti
539 2011 674 2091 extant,
696 2007 797 2086 Quum
825 2019 945 2071 tantam
973 2019 1111 2074 amanam
1138 2021 1255 2074 stataet
1271 2005 1404 2096 populas

299 2111 482 2191 Romanas,
499 2109 846 2190 anmcecolumaom,
863 2103 1225 2196 qudetereapeataaque
1237 2107 1404 2197 daquutarl
1503 2103 1504 2146 1

297 2211 455 2276 Lucilium
478 2216 565 2275 certe
586 2209 758 2297 Scipiadas
785 2229 863 2276 casu
885 2217 972 2276 recto
1001 2211 1125 2277 dixisse
1146 2211 1281 2278 invenio
1304 2211 1338 2276 in
1358 2208 1404 2274 bis

297 2312 469 2396 versibus,
486 2313 539 2396 qui
555 2313 643 2398 apud
655 2312 785 2377 Festum
801 2313 952 2395 leguntur
966 2334 998 2399 p.
1010 2313 1083 2398 294,
1095 2314 1135 2379 27
1151 2319 1219 2379 tam
1232 2313 1330 2380 foedo
1344 2332 1404 2378 cor·

299 2417 382 2501 rupti
406 2422 441 2480 ut
463 2415 504 2481 de
526 2413 633 2481 verbis
657 2413 895 2500 desperandum
911 2417 975 2481 sit:
991 2417 1183 2482 sententiam
1207 2423 1241 2482 et
1256 2415 1403 2482 orationis

299 2519 435 2584 sormam
457 2515 535 2582 mihi
563 2524 649 2583 recte
675 2517 799 2583 eruisse
826 2517 960 2584 uidcor.
978 2518 1134 2585 Oomelob'
1155 2519 1287 2585 Pudls‘a'
1308 2530 1404 2584 coste

298 2621 489 2707 Scapr’odas,
505 2617 591 2685 dicta
612 2620 731 2707 Apulu'
759 2619 835 2686 dam
856 2645 955 2707 acque
981 2621 1138 2708 intorquet
1158 2623 1194 2687 s’a
1216 2623 1343 2710 abacos,
1358 2619 1408 2686 oa·

298 2746 320 2787 a
334 2721 478 2804 dediciis,
493 2723 580 2787 Luci
587 2771 596 2804 ,
612 2723 700 2809 effeto
715 2735 810 2810 utque
825 2721 956 2789 macedo
971 2737 1000 2789 et
1010 2721 1169 2790 Scotutori
1180 2723 1261 2790 odeo
1276 2725 1344 2810 s'prse
1357 2737 1404 2786 aa

299 2847 380 2911 quae
390 2825 497 2889 rectiu'
509 2823 613 2907 dicus,
627 2823 797 2910 lbotfortc
807 2823 950 2890 domum
964 2827 1126 2912 sequimur
1136 2825 1235 2892 multi
1241 2824 1404 2913 atqaefre

242 2931 245 2936 '
299 2939 445 3013 questos.
462 2924 626 3012 desputo
648 2927 681 2990 in
705 2925 755 2992 his
770 2925 918 2993 versibus
940 2926 1020 2992 nibil
1043 2925 1188 2993 affirmo:
1206 2927 1267 2993 sed
1289 2928 1323 2993 in
1346 2925 1403 2991 alio

299 3029 416 3116 Lucilii
441 3048 556 3112 versu,
573 3029 626 3113 qui
650 3034 699 3093 est
726 3027 814 3113 apud
838 3029 1036 3094 Priscianum
1057 3049 1090 3114 p.
1103 3031 1186 3114 902,
1209 3030 1273 3096 hoc
1294 3047 1403 3096 nomen

299 3131 422 3198 librarii
438 3131 564 3216 penitus
587 3131 774 3196 oblitterare
788 3149 855 3195 non
869 3137 1061 3216 potnerunt,
1077 3133 1163 3197 Nam
1177 3146 1267 3198 vetuo
1281 3133 1337 3198 dle
1351 3130 1404 3196 Oo-

298 3236 374 3300 toni’
403 3235 565 3299 meamhoc
591 3235 719 3321 Apulus
750 3235 834 3298 bam
861 3233 1003 3299 Ooaaca'a'
1035 3257 1097 3299 aon
1123 3247 1192 3299 erat
1224 3235 1295 3321 ipse
1324 3231 1405 3299 aidi?

250 3353 255 3365 ·
298 3337 404 3424 Apuli
423 3343 497 3401 sunt
518 3336 593 3402 huic
615 3357 673 3420 pro
695 3337 886 3420 importunis
908 3353 947 3400 ac
968 3335 1209 3422 petulantibus,
1225 3343 1262 3400 ut
1276 3334 1403 3401 Horatio

299 3459 358 3524 pro
381 3439 525 3524 simplice
548 3439 693 3506 Sabellus
703 3488 713 3522 ,
729 3457 800 3503 cum
823 3437 899 3504 dicit
920 3439 1026 3504 renuit
1046 3439 1225 3525 aepdutqae
1245 3437 1403 3506 Sabellam.

299 3561 395 3607 versu
420 3542 567 3626 proximo
594 3541 732 3607 Lucretii
764 3560 807 3606 an
833 3540 929 3623 Ennii
953 3541 1079 3606 Marius
1106 3540 1289 3606 Victorinus
1314 3538 1404 3605 utitur

299 3664 331 3728 p.
343 3643 448 3727 2499,
465 3644 529 3728 ira,
546 3669 583 3708 ac
605 3645 810 3730 (Parietensis
832 3643 914 3708 libel·
936 3640 971 3726 a)
983 3642 1099 3729 famul
1119 3643 1247 3728 infimus
1269 3655 1364 3708 casea

387 3746 480 3811 1037.
503 3739 1403 3828 ouoauraususnonanusScnrrnsrorrus.dpud

300 3847 440 3912 Nonium
455 3869 486 3932 p.
498 3848 571 3931 481,
585 3849 624 3913 27
641 3849 796 3935 Eacepara
806 3850 949 3934 potiatur.
964 3867 1124 3912 rorrrus
1140 3847 1299 3912 Antonius
1316 3842 1402 3910 ilarii

273 3963 279 3976 ·
301 3956 333 4015 et
355 3949 532 4016 Brixiensis
555 3950 674 4016 editio.
692 3948 778 4034 quod
800 3950 899 4033 paulo
927 3955 1001 4034 post
1023 3950 1166 4034 sequitur
1191 3949 1271 4016 1041
1295 3947 1403 4034 sperae

300 4075 360 4116 sca
382 4051 440 4118 leto
462 4053 649 4118 Lactantius
672 4052 769 4118 habet
791 4052 823 4116 in
846 4073 882 4114 ru
905 4053 1139 4118 institutionum
1164 4051 1265 4135 18,6.

388 4154 479 4220 1042.
503 4155 588 4219 Irsn
603 4175 789 4221 arrouaus
806 4174 908 4218 onrrr
930 4175 1098 4220 uncusso
1114 4175 1253 4220 rumina
1268 4169 1397 4217 arras.

301 4257 460 4322 Antonius
488 4257 580 4322 Marii
608 4265 640 4324 et
666 4259 820 4324 Marullus
847 4259 929 4341 obet,
951 4257 1038 4341 quod
1064 4259 1160 4324 ceteri
1187 4257 1256 4324 sine
1282 4253 1400 4321 dubita·

300 4361 387 4426 tione
410 4367 620 4445 acceperunt,
637 4381 699 4445 ego
722 4362 750 4426 si
773 4359 888 4426 falsum
910 4377 983 4425 esse
1006 4359 1140 4446 dixero,
1157 4379 1222 4426 non
1243 4356 1338 4424 facile
1358 4356 1400 4420 in·

300 4465 428 4530 veniam
455 4463 510 4548 qui
537 4462 616 4528 mibi
643 4465 772 4530 credat:
792 4461 875 4528 adeo
903 4461 1103 4545 grammatici
1129 4463 1231 4527 nostri
1257 4447 1400 4540 ea'qnae

301 4567 406 4651 quivis
432 4587 514 4652 puer
543 4567 706 4632 Romanus
732 4565 857 4632 sciebat
883 4565 1079 4650 neglegunt,
1098 4583 1159 4630 nos
1186 4569 1291 4630 autem
1312 4575 1399 4626 senes
