3020 5146
564 381 592 444 V

48 565 113 622 terra
134 557 221 630 sit‚e
243 561 327 619 terra
349 553 498 636 quoniam
523 559 597 618 sunt
619 559 733 619 anneta
754 559 883 618 ereata.

48 671 183 752 multaque
205 689 287 734 nune
310 670 403 734 etiarn
427 669 565 734 existunt
586 667 739 732 animalia
760 667 872 746 terris,

47 784 172 849 imbribus
194 791 224 849 et
247 781 353 849 ualido
378 781 455 848 solis
478 787 626 848 nonnreta
647 801 787 864 rapore3

47 919 94 980 quu
113 899 208 962 minus
229 903 278 962 est
300 897 434 980 mirum,
451 897 478 962 si
501 903 567 961 turn
590 903 664 962 sunt
685 895 778 980 plura
800 903 910 960 coorta

49 1022 71 1074 rt
87 1013 213 1086 maiora,
228 1031 313 1076 nova
335 1011 450 1076 tellure
473 1017 570 1092 atque
592 1009 719 1075 aethere
742 1009 874 1074 adulta.

48 1125 173 1208 principio
196 1145 298 1206 genus
321 1124 456 1188 alituum
480 1124 651 1205 variaeque
674 1123 820 1189 volueres

48 1259 93 1301 nra
110 1241 325 1322 relinquebant
347 1238 495 1302 exclusae
519 1245 663 1322 ternpore
684 1257 804 1314 vernn,

47 1351 175 1418 lullinulns
195 1361 230 1417 ul
253 1373 340 1418 nune
361 1353 472 1417 teretis
494 1357 617 1417 aestate
641 1351 774 1416 eieadue

47 1465 141 1529 lincunt
161 1475 270 1550 sponte
294 1467 492 1532 euaristum
515 1467 676 1548 vitamque
698 1471 862 1550 petentes.

48 1585 96 1642 tum
114 1579 162 1644 tibi
184 1588 268 1646 terra
291 1579 383 1646 dedit
404 1581 522 1664 passim
546 1579 692 1646 mortalia
714 1579 842 1644 saenis.
934 1663 938 1670 ι

47 1694 137 1758 uultus
156 1695 236 1760 enim
258 1695 352 1760 ealon
374 1699 470 1775 atque
493 1715 584 1758 umor
606 1695 781 1778 superabat
802 1694 835 1758 in
858 1693 964 1757 arvis:

49 1805 156 1874 incubi
178 1829 327 1891 quaeque
350 1810 411 1873 luni
435 1809 523 1892 negiu
547 1815 726 1892 opportuna
750 1807 908 1882 dabatur,

47 1923 199 1988 crescebant
220 1924 304 1988 uteri
327 1929 446 1988 terram
468 1921 630 1987 radicibus
653 1923 739 2005 apti3

51 2038 171 2114 «pronubi
193 2047 342 2122 tempore
365 2045 487 2101 maturo
510 2043 586 2120 pate
608 2035 728 2101 fenerat
751 2043 858 2101 aestus

54 2147 188 2230 inlautum,
203 2152 336 2233 lugiens
359 2168 501 2214 umorem
524 2169 685 2232 aurasque
708 2156 895 2233 petessens‚

56 2267 219 2332 convertebat
240 2267 288 2330 ibi
311 2271 426 2329 natura
448 2263 607 2328 foramina
629 2269 734 2329 terrae

55 2389 76 2440 et
91 2399 174 2448 surum
197 2385 292 2450 venis
315 2379 451 2460 cogebat
473 2377 606 2443 fundere
629 2379 750 2462 apertis

53 2497 211 2565 consimilem
234 2497 350 2573 laetis,
367 2494 449 2560 sieut
469 2513 553 2558 nunu
577 2492 698 2560 lemine
720 2513 869 2576 quaeque

50 2625 99 2672 tum
117 2615 249 2698 peperit,
267 2611 354 2677 dulei
377 2609 515 2694 repletur
537 2608 641 2685 laete,
658 2609 744 2690 quod
767 2609 870 2675 omnis

50 2719 153 2806 inpetus
172 2729 203 2793 in
225 2745 386 2793 mammas
409 2723 604 2789 convertitur
625 2723 681 2788 ille
704 2723 868 2789 alimenti.

48 2843 112 2904 terra
130 2842 227 2907 eibum
249 2843 380 2928 pueris,
396 2847 517 2905 vestem
540 2857 662 2922 vapor,
678 2837 781 2902 herba
803 2837 908 2903 nubile

48 2955 190 3032 praebebat
211 2959 313 3022 multa
336 2961 369 3022 et
390 2955 476 3020 molli
501 2952 655 3035 lanugine
678 2951 868 3016 abundans.

47 3071 196 3138 arnovius
218 3069 330 3136 mnndi
352 3089 414 3135 nee
436 3067 556 3151 frigora
579 3063 661 3130 dura
684 3064 787 3130 ciebat

48 3199 89 3244 nee
107 3184 212 3252 nimios
234 3193 343 3252 aestus
363 3203 423 3249 neu
446 3183 573 3264 magnis
595 3179 715 3245 viribus
738 3199 856 3244 auras.

48 3297 230 3370 umniaenim
252 3299 374 3386 pariter
397 3303 541 3363 creseunt
563 3303 594 3361 et
615 3295 731 3360 robora
754 3299 900 3358 sumunt.

75 3409 164 3486 Quare
186 3415 283 3480 etiam
307 3421 403 3494 atque
425 3411 520 3477 etiam
544 3417 720 3476 maternum
744 3427 860 3473 nomen
882 3408 1001 3494 adepta

48 3530 111 3588 terra
130 3533 210 3593 tenet
232 3528 364 3610 merito,
381 3525 531 3608 quoniam
554 3543 655 3609 genus
678 3523 749 3608 ipsa
772 3521 892 3588 creavit

49 3631 190 3706 humanum
213 3649 309 3724 atque
332 3641 451 3705 animal
473 3657 575 3724 prope
599 3643 684 3704 nerto
707 3643 851 3722 tempore
874 3635 957 3702 fudit

49 3767 117 3818 anne
130 3806 137 3828 ,
152 3757 235 3840 quod
258 3757 291 3821 in
313 3755 440 3837 magnis
464 3753 637 3819 baechatur
658 3751 810 3818 montibu'
833 3751 974 3835 passim,

50 3865 185 3952 sitiasque
207 3873 299 3937 simul
320 3869 467 3936 volueres
489 3867 677 3950 variantibus
700 3865 831 3930 formis.

49 3977 89 4042 ted
107 3985 174 4064 quia
195 3985 289 4052 finem
312 3985 452 4068 aliquam
474 3981 621 4069 pariendi
642 3979 739 4050 debet
760 3979 901 4063 habere,

51 4251 87 4296 tin
103 4267 136 4304 mu
155 4263 166 4324 il
190 4261 241 4308 800
259 4261 355 4309 maiore
375 4257 388 4326 ΙΙ
413 4261 462 4310 802
482 4258 640 4322 reliquebant
661 4253 674 4322 ll
700 4257 750 4304 805
770 4253 878 4317 primum
899 4253 911 4324 Η
937 4255 987 4306 809
1007 4261 1103 4304 nestun.
1125 4247 1137 4322 ll

51 4341 88 4388 tlt
105 4341 133 4392 l't
152 4343 163 4412 il
182 4349 231 4401 828
251 4347 336 4399 enims
355 4345 368 4420 ΙΙ
388 4349 440 4398 824
458 4347 545 4414 magni
566 4341 579 4416 ΙΙ
600 4345 650 4395 825
670 4342 814 4408 Aeriseque
