3110 5146
664 407 709 471 Vl
1176 403 1238 469 371

136 601 195 664 quo
210 577 315 662 παρὰ
330 575 406 640 ferri
422 581 553 660 posset,
569 575 649 641 illud
664 595 729 642 non
744 578 819 642 item
832 625 840 642 .
852 575 1028 642 Lambinus
1043 573 1126 640 bene
1133 573 1240 660 ptura·-

135 702 248 765 muque
258 679 370 744 burae:
385 677 444 744 sed
455 679 560 762 potuit
572 680 703 764 propius
714 679 759 744 ad
770 679 893 744 litteras
904 675 1058 744 accedere
1069 673 1240 742 scribendo

135 801 238 864 arus,
255 785 290 845 ut
301 779 365 846 694
385 781 498 845 monteio
520 779 565 845 ad
589 781 657 846 eius
679 781 837 848 Radices.
853 781 886 846 in
901 801 945 866 ιι,
957 779 1021 846 260
1042 777 1240 845 Paetorum

134 884 221 948 curti
239 884 355 948 sectare
377 895 405 948 et
416 881 561 968 stuporis
583 884 671 950 eiras.

219 983 293 1048 424.
316 985 534 1050 Passnsnns
572 1006 706 1051 cnam.
736 985 904 1052 Correclor
940 982 1089 1070 quadrati
1123 982 1239 1049 Graii.

135 1087 218 1152 alias
239 1075 447 1153 membranae
468 1105 596 1172 semper
617 1088 720 1170 Grai,
735 1088 845 1172 itaque
865 1087 1022 1154 Antonius
1044 1093 1076 1152 et
1098 1085 1241 1152 Brixian-

135 1189 202 1254 sis:
217 1189 269 1254 bic
291 1189 411 1274 duplex
426 1190 443 1253 r·
460 1189 605 1254 relictum
628 1195 697 1274 est,
713 1190 792 1273 quia
806 1189 973 1256 Lucretius
994 1195 1027 1254 ot
1042 1188 1240 1272 antiquiores

135 1291 259 1358 librarii
286 1291 483 1376 scripserant
509 1312 640 1356 enarer
668 1291 722 1359 vel
750 1291 896 1358 aratra
917 1291 1031 1357 Graiir'
1052 1297 1160 1356 tamen
1185 1291 1241 1356 rix

135 1412 288 1476 umquam
302 1394 418 1458 lectum
433 1413 505 1460 esse
520 1392 689 1482 existimo,
704 1413 808 1478 neque
823 1395 941 1459 coaluit
955 1398 1011 1458 aut
1026 1393 1143 1475 aimo,
1158 1411 1242 1476 quas

135 1495 247 1562 Velius
268 1496 398 1579 Longus
420 1515 452 1580 p.
464 1495 548 1562 2219
570 1501 603 1560 et
624 1495 708 1560 2232
734 1494 894 1581 admittit,
910 1513 969 1561 nee
990 1493 1088 1559 multo
1110 1495 1241 1578 saepius

136 1597 261 1679 οοιῖσιι,
276 1598 423 1680 quamvis
438 1595 653 1675 Quintilianus
676 1605 833 1681 agnoscat
847 1600 880 1664 in
896 1620 917 1684 1,
929 1598 960 1681 4,
976 1597 1035 1681 ll,
1051 1602 1086 1662 ιιι
1107 1594 1176 1660 dixi
1198 1593 1242 1660 ad

138 1697 199 1764 Gai
215 1700 477 1766 commentarium
490 1719 537 1776 nr,
551 1699 632 1783 119,
649 1705 705 1764 aut
718 1703 822 1785 elicit,
838 1721 860 1766 a
873 1701 987 1783 Longo
1002 1699 1036 1763 in
1055 1693 1243 1782 quaestione

137 1801 298 1885 positumr
317 1809 350 1868 et
364 1802 526 1888 Pompeia·
544 1800 727 1882 genetivum
748 1809 873 1868 veteres
892 1821 950 1886 per
964 1801 1029 1867 tria
1049 1802 1066 1866 ι’
1076 1799 1242 1884 scripsisse

137 1921 208 1968 cnm
236 1902 315 1968 dicit
335 1903 520 1970 Priscianus
542 1921 574 1986 p.
585 1901 674 1987 545,
697 1902 812 1989 fingit,
835 1909 938 1990 puto,
961 1902 1049 1987 quod
1069 1919 1243 1985 numquam

137 2003 285 2072 viderat.

221 2104 296 2170 426.
319 2125 392 2170 rau
405 2127 497 2172 curs.
513 2107 585 2173 Itali
599 2114 631 2172 et
641 2107 788 2193 impressi
802 2112 1047 2191 rsuounu,ut
1057 2105 1243 2174 versu433.

138 2207 196 2272 sed
212 2205 432 2274 Wakefieldus
446 2229 542 2275 versu
558 2209 703 2294 proximo
718 2211 826 2294 inepte
841 2208 1049 2292 descendunt,
1064 2209 1119 2275 ubi
1134 2207 1244 2275 oblon-

138 2329 200 2392 gus
222 2309 386 2376 ducendas
396 2361 406 2394 ,
420 2319 455 2377 ιιι
475 2311 652 2395 quadratus
674 2332 749 2378 mox
771 2331 867 2378 versu
888 2311 952 2377 438
975 2311 1151 2379 debeeudt't.

223 2411 297 2476 428.
320 2433 477 2478 saorra.
492 2415 566 2480 Itali
588 2437 735 2480 rscrra.

223 2513 298 2582 430.
319 2533 503 2582 vrsrunr.
518 2515 619 2582 Immo
642 2539 827 2584 vasisse.
851 2517 912 2584 boc
939 2517 1071 2584 suarius
1097 2518 1245 2600 quamsi

139 2617 170 2684 iu
194 2616 361 2702 superiore
375 2637 471 2684 versu
486 2619 664 2686 scribamus
680 2635 744 2686 tum
758 2635 850 2703 auru,
867 2619 954 2704 quod
970 2619 1046 2686 fecit
1060 2625 1135 2685 ante
1152 2620 1244 2684 Lam-

140 2718 249 2784 binum
271 2719 430 2784 Antonius
452 2719 565 2785 Marii.

224 2820 297 2886 434.
320 2842 553 2894 aascnrroun
566 2869 575 2887 .
590 2823 755 2890 Lucretius
774 2825 844 2909 ipse
859 2823 1040 2899 scribebat,
1055 2821 1116 2888 nisi
1133 2819 1244 2905 fallor,

141 2924 290 3008 beccique
310 2924 362 2990 vel
378 2925 565 3011 mancepare.
581 2925 749 3011 bruca’oque
770 2939 878 3011 aperto
898 2929 948 2990 ost
969 2924 1004 2990 in
1019 2923 1093 3006 lege
1107 2921 1247 2988 Servilia

141 3046 172 3111 p.
184 3025 247 3090 62.
263 3026 365 3092 nostri
385 3026 513 3094 codices
527 3045 686 3094 consensu
706 3027 836 3092 brachia
851 3026 1005 3092 exhibent
1025 3025 1058 3090 in
1081 3045 1125 3108 ιι,
1137 3023 1200 3090 769
1214 3029 1248 3089 et

141 3129 224 3212 890,
241 3127 299 3193 sed
314 3125 411 3194 iidem
425 3155 445 3193 r
459 3130 578 3195 omisso
593 3128 722 3194 bucolic
737 3128 770 3194 in
785 3149 828 3213 rr,
841 3128 904 3194 829
920 3127 982 3210 (sio
993 3124 1156 3192 lledioeus
1170 3123 1246 3191 Vor-

142 3229 210 3312 gilii
235 3230 315 3294 Aen.
331 3249 388 3313 nn,
401 3231 463 3296 209
485 3231 591 3316 prima
611 3249 729 3314 mann,
745 3230 822 3295 item
844 3229 1007 3296 Medieeus
1030 3227 1183 3294 Varronis
1206 3226 1248 3292 de

141 3331 255 3414 lingua
268 3331 386 3398 Latina
407 3353 427 3394 v
449 3351 481 3416 p.
493 3333 536 3398 20
557 3331 691 3397 carmide
711 3331 835 3418 clupeat
856 3331 1017 3396 bacellum
1028 3380 1038 3413 ,
1052 3328 1109 3394 nbi
1123 3327 1248 3394 Nonius

142 3453 173 3518 p.
186 3435 239 3518 87,
254 3433 296 3500 26
318 3435 487 3517 emerim
503 3435 579 3500 item
601 3434 763 3500 bacchium
784 3432 872 3518 apud
893 3432 1033 3500 Nonium
1054 3451 1088 3516 p.
1102 3430 1172 3515 117,
1184 3431 1249 3517 26,

143 3535 373 3618 Groninganns
393 3536 551 3620 Propertii
573 3535 705 3602 bacclrt’u
726 3557 769 3621 ιι,
784 3535 832 3620 14,
845 3535 880 3618 6)
894 3584 902 3618 ,
918 3535 1067 3600 bracchia
1089 3534 1250 3618 oblongus

142 3636 177 3702 in
189 3657 233 3720 ιι,
246 3637 310 3704 962
321 3643 353 3702 et
363 3635 540 3720 quadratus
551 3639 586 3703 in
600 3659 644 3722 rr,
656 3637 717 3705 397
735 3639 837 3705 altero
849 3637 1020 3721 utrobique
1035 3643 1249 3721 repugnante,

143 3745 178 3804 ιιι
197 3745 357 3824 appareat
378 3738 528 3806 librarios
543 3759 665 3806 morem
681 3746 840 3807 vetustum
863 3759 943 3806 suae
958 3737 1181 3806 consuetudini
1197 3757 1251 3823 pa

143 3846 252 3906 rentes
266 3839 484 3926 depravasse.
499 3842 608 3925 itaque
630 3841 683 3908 hic
704 3843 811 3910 scribo
832 3861 1095 3925 barcennona,
1112 3846 1144 3906 et
1165 3841 1252 3906 bruc·

143 3941 216 4008 cleb
226 3948 425 4010 constanter.
439 3945 618 4012 bucellum
629 3943 758 4026 digesta
769 3943 970 4028 Florentiae,
982 3943 1146 4008 bruelium
1156 3941 1253 4008 libro·

142 4063 213 4110 rum
235 4063 400 4110 sacrorum
423 4045 573 4113 codices.

229 4145 303 4212 436.
324 4167 444 4212 vaur.
466 4147 520 4214 Sic
542 4146 722 4233 oblongus,
743 4161 853 4216 centus
874 4147 1072 4231 quadratus.
1095 4153 1254 4215 corrector

144 4247 277 4331 oblongi
299 4267 433 4314 vauri.

228 4351 303 4416 440.
325 4369 512 4415 annaurr.
536 4349 703 4416 correcuu
730 4353 865 4436 oblongi
892 4351 1055 4418 detrudet.
1079 4351 1255 4418 Lambinus

145 4451 261 4522 rectius
283 4471 487 4518 nanausrr.

988 4558 1058 4622 24*
1134 4641 1136 4646 .
