2996 5148
555 429 601 494 Vl

49 603 88 670 lie
106 603 152 668 ubi
172 603 217 669 sel
239 601 357 680 radiis,
374 607 595 687 tempestatem
617 602 699 668 inter
721 621 877 686 opacam,

24 719 161 786 radversa
181 719 264 784 tirlsit
285 717 466 782 nimborum
488 717 661 802 aspargine
683 725 814 802 contra,

47 845 97 898 tun
117 834 197 900 solur
218 834 248 898 in
271 833 375 916 nigris
397 833 503 898 existit
525 833 662 898 nubibus
684 835 798 914 arqui.

75 949 174 1014 Cetera
195 967 277 1030 quae
300 925 397 1014 eursu
419 953 566 1014 creseunt
587 967 745 1031 eursuque
768 954 936 1026 creantur,

48 1071 69 1126 et
85 1083 155 1144 qnae
176 1069 385 1128 uenereseunt
405 1063 438 1127 in
461 1061 619 1146 nubibus,
637 1063 764 1146 omnia,
782 1083 928 1147 prorsum

49 1178 147 1262 onnia,
162 1178 235 1262 nin,
252 1177 362 1252 venti,
378 1177 521 1262 grande,
537 1177 731 1260 gelidaeque
754 1179 906 1262 pruinae,

24 1293 123 1358 tetris
141 1313 257 1376 magna
279 1292 348 1376 geli
360 1343 368 1368 ,
382 1311 533 1375 magnum
556 1291 711 1357 duramen
734 1311 911 1378 aquarum,

48 1413 68 1470 et
84 1427 160 1472 nora
182 1427 267 1491 quae
289 1407 408 1473 fluvios
430 1406 552 1491 passim
575 1406 717 1472 refrenat
739 1408 865 1491 euntis,

48 1524 198 1606 perfacilest
219 1530 332 1588 tamen
355 1522 433 1588 haee
453 1523 594 1608 reperire
616 1523 787 1604 animeque
808 1522 918 1587 videre

48 1641 127 1702 emnia
147 1659 206 1721 quo
229 1643 330 1722 paeto
352 1637 431 1702 fiant
453 1656 518 1720 qua
540 1657 615 1702 reve
637 1645 805 1720 areentur,

48 1771 97 1816 run
117 1755 190 1820 bene
211 1753 365 1839 cognoris
386 1752 552 1819 elementis
573 1752 700 1817 reddita
722 1771 807 1833 quae
829 1753 913 1816 sint.

24 1879 36 1928 a
77 1869 150 1933 Nune
170 1889 250 1953 age,
267 1886 355 1951 qnae
377 1869 458 1932 ratio
481 1867 578 1933 terrai
600 1867 738 1933 metibus
761 1873 846 1932 extet

52 1984 162 2067 percipe.
178 1993 209 2050 et
230 1985 265 2048 in
288 1982 403 2068 primis
424 1989 541 2048 terram
564 1981 615 2048 sae
637 1989 671 2046 ut
694 2001 765 2048 esse
788 1983 891 2048 rearis

54 2107 128 2178 supter
147 2099 219 2164 item
245 2107 281 2163 ut
304 2118 423 2182 supera
444 2097 585 2164 ventosis
607 2097 747 2179 undique
771 2097 898 2182 plenam

59 2214 193 2290 plureis,
210 2214 396 2295 multosque
418 2213 506 2276 laeus
530 2211 709 2294 multasque
733 2213 868 2277 lueunas

64 2321 191 2406 uranio
213 2348 332 2412 gerere
355 2335 387 2392 et
408 2346 504 2413 rupes
526 2327 725 2412 deruptaque
748 2347 847 2392 sarra:

24 2449 48 2494 a,
61 2441 178 2526 ruraque
201 2446 262 2510 sub
287 2449 379 2526 tergo
401 2441 500 2506 terrai
522 2439 653 2504 flumina
674 2447 758 2506 meta

57 2555 143 2623 trlrere
163 2558 194 2623 vi
217 2557 337 2623 fluetus
359 2573 599 2636 summersaque
621 2575 702 2620 saxa
725 2557 950 2640 putandumst:

54 2669 154 2753 ntique
175 2675 262 2738 enirn
286 2671 423 2738 similem
446 2689 518 2736 esse
540 2671 587 2734 sui
611 2687 663 2736 res
685 2671 825 2755 pustulat
847 2671 938 2755 ipsa.

52 2777 82 2845 lis
97 2785 178 2868 igitur
200 2789 302 2854 rebus
326 2786 500 2852 subiunctis
523 2784 762 2869 suppositisque

51 2899 107 2960 terra
124 2920 259 2986 superne
283 2899 391 2964 tremit
412 2898 538 2981 magnis
561 2919 717 2966 eonerrssa
740 2901 858 2977 ruinis,

26 3011 128 3077 srubter
148 3017 201 3081 ubi
221 3015 365 3098 ingentis
387 3014 559 3099 speluncas
581 3015 704 3080 subruit
724 3022 834 3080 aetas:

50 3125 137 3212 quippe
157 3130 279 3196 eadunt
302 3131 358 3196 toti
381 3137 525 3212 mentes,
542 3151 725 3212 magnoque
748 3137 879 3215 repente

50 3257 171 3310 urnrmsu
194 3247 263 3312 late
287 3243 471 3330 disserpunt
494 3245 568 3310 inde
591 3255 765 3312 tremores.

50 3363 69 3412 tt
85 3362 201 3442 memte,
218 3361 373 3442 queniam
396 3360 530 3443 plaustri
552 3379 709 3426 eoneussa
729 3367 923 3426 tremescunt

50 3475 124 3554 tecta,
138 3473 219 3538 viam
244 3481 395 3558 propter,
411 3495 476 3540 non
500 3493 617 3558 magno
641 3475 786 3559 pondere
809 3482 893 3550 tota,

28 3602 36 3630 r
50 3597 88 3645 ure
106 3589 202 3654 minus
226 3589 391 3672 exultant,
408 3597 440 3654 et
461 3589 517 3655 ubi
539 3589 613 3674 lapi’
637 3609 773 3670 eumque
796 3590 860 3654 viai

49 3691 154 3766 leuatus
176 3705 336 3786 utrimque
358 3713 497 3769 rotarum
521 3703 657 3770 sueeutit
679 3705 792 3770 orbes.

49 3805 69 3870 tt
85 3833 219 3904 queque,
236 3819 293 3884 ubi
315 3819 348 3884 in
370 3837 503 3902 magnas
525 3825 631 3900 aquae
654 3824 825 3902 vastaeque
849 3821 982 3886 lucunas

90 4011 217 4026 ³¹——

51 4137 83 4230 ili
100 4152 235 4210 tempestate
254 4150 307 4200 inte
332 4149 346 4215 ΙΙ
370 4151 420 4200 526
439 4149 514 4200 existi
539 4147 552 4218 Η
576 4153 626 4200 527
646 4165 744 4202 sursum
764 4149 778 4220 ll
797 4167 945 4216 sursumque
965 4152 979 4222 Η
1001 4157 1049 4205 aar
1070 4157 1141 4207 avin-

50 4235 83 4272 ὼ·
110 4264 113 4287 r
135 4237 181 4284 582
202 4237 326 4288 Perfacile
344 4238 365 4286 si
391 4235 405 4304 ΙΙ
430 4241 480 4288 633
500 4237 581 4288 fluant
603 4237 616 4304 ΙΙ
643 4241 693 4288 nee
714 4247 791 4286 terras
817 4236 831 4306 ΙΙ
854 4243 903 4290 531
923 4245 1097 4307 superventis
1121 4245 1135 4310 Η

51 4313 85 4362 lii
101 4334 165 4382 mpes
181 4323 287 4388 dempes
313 4321 327 4390 ll
353 4327 402 4374 541
422 4339 604 4376 summersosea
628 4323 642 4393 ll
667 4329 717 4376 542
736 4327 819 4376 simite
838 4343 891 4378 esse
910 4331 933 4378 vi
953 4331 967 4397 ΙΙ
987 4333 1038 4380 548
1057 4332 1140 4395 pisus·

51 4407 81 4446 lssr
105 4450 107 4468 ,
125 4411 170 4456 5er
189 4425 213 4458 es
231 4411 324 4474 dupuis
343 4427 450 4474 eumque
468 4412 536 4462 vim.
