3052 5144
597 417 630 484 11

51 591 219 670 praeterea
242 607 376 670 magnes
397 588 542 672 legiones
564 607 634 652 cum
658 588 728 652 locs
750 609 844 654 cursu

52 721 235 784 camporum
259 701 436 786 complent,
453 701 530 768 belli
553 701 723 766 simulacre
745 703 886 786 cientes,

3 834 30 880 rr
51 814 152 898 firlgor
174 815 221 878 ibi
243 814 287 879 ed
309 814 431 882 caelum
454 833 490 880 se
511 815 615 892 tollit,
631 822 760 898 totoque
783 817 900 883 circum

51 947 120 994 aere
144 927 318 994 renidescit
339 928 454 1004 tellus,
470 935 642 1012 supterque
665 931 766 996 virum
785 933 817 996 vi

51 1044 169 1108 excitur
192 1043 330 1128 pedibus
352 1043 494 1118 sonitus,
511 1043 713 1128 clamoreque
735 1051 860 1112 montes

51 1158 100 1222 icti
120 1158 279 1223 reiectant
301 1175 398 1226 voces
421 1157 462 1220 sd
484 1157 591 1222 sideru
612 1159 742 1243 muudi,

52 1277 80 1336 et
100 1272 220 1338 circum
243 1271 375 1336 volitent
396 1271 521 1352 equites
544 1273 730 1356 mediosque
752 1279 884 1358 repente

2 1405 30 1451 ro
52 1387 227 1450 tramittunt
247 1384 353 1450 valido
376 1386 554 1467 quatientes
576 1387 692 1470 impete
714 1407 865 1472 campos:

52 1510 81 1566 et
99 1509 210 1566 tamen
232 1499 431 1582 estquidam
452 1484 542 1568 locus
564 1502 637 1568 altis
658 1503 836 1586 montibus,
855 1503 940 1568 unde

52 1623 131 1680 stare
156 1613 302 1680 videntur
324 1615 411 1680 etin
432 1617 553 1701 campis
575 1617 748 1684 consistere
770 1617 896 1699 fulgor.

88 1733 183 1794 Nunc
205 1729 367 1814 age‚ium
389 1730 539 1815 deinceps
563 1739 745 1798 cunctorum
768 1730 902 1797 exordia
924 1751 1028 1797 rerum

54 1845 164 1926 qunlin
183 1843 248 1907 sint
268 1849 299 1907 et
320 1865 414 1926 quem
437 1846 533 1928 longe
556 1847 709 1912 distantia
731 1846 842 1910 formis

2 1977 34 2022 :co
56 1961 201 2044 percipe,
218 1960 400 2043 multigenis
422 1981 517 2044 quem
540 1961 603 2026 siut
625 1963 750 2027 veriats
772 1959 904 2041 figuris;

55 2093 113 2138 non
135 2093 200 2158 quo
223 2075 324 2140 multa
345 2095 457 2159 parum
480 2077 575 2142 simili
597 2077 660 2142 sint
681 2073 829 2160 praedita
851 2072 975 2156 forme,

61 2187 111 2252 red
132 2189 210 2271 quin
231 2207 295 2254 nou
318 2190 413 2273 volgo
437 2191 528 2272 peria
549 2191 696 2282 omnibus
719 2188 827 2254 omnin
849 2195 1014 2254 constent.

61 2320 112 2366 nec
132 2304 267 2368 mirum:
286 2323 359 2368 uem
382 2325 452 2370 cum
475 2305 517 2370 sit
539 2323 647 2368 eorum
671 2304 765 2387 copia
787 2309 898 2376 tenta,

60 2423 89 2480 ut
107 2437 212 2500 neque
234 2418 326 2496 finis,
343 2419 388 2484 uti
409 2419 523 2494 docui,
540 2437 644 2500 neque
667 2437 791 2482 summe
813 2418 853 2482 sit
876 2417 964 2495 ulla,

2 2548 36 2594 uo
57 2529 236 2610 debent‚ni
260 2533 392 2616 mirum,
409 2553 473 2598 norr
496 2533 643 2598 omuibus
666 2532 774 2598 omnia
797 2553 941 2614 prorsum

56 2664 124 2712 esse
146 2647 217 2731 pari
239 2647 293 2712 filo
316 2647 475 2728 similique
497 2646 627 2712 adiecto
649 2649 775 2730 ligura.

57 2761 231 2841 parturiunt
253 2780 355 2843 genus
379 2760 550 2826 humanum
574 2769 744 2844 mutaeque
768 2766 916 2826 natantes

57 2875 291 2958 squamigerum
313 2875 454 2960 pecudes
475 2881 506 2940 et
528 2876 612 2942 laete
633 2881 778 2940 armento
799 2875 974 2955 fereeque,

56 2989 217 3054 etruriae
239 2989 404 3072 volucres,
419 2989 575 3054 laetantia
598 3008 680 3070 quae
702 2989 776 3052 locs
798 3006 954 3068 equarum

4 3121 35 3166 uc
56 3101 280 3167 concelebrent
302 3103 419 3168 circum
442 3105 529 3189 ripas
551 3102 712 3184 lentisque
735 3103 910 3183 lucusque,

56 3221 87 3278 et
109 3235 190 3297 quse
212 3218 401 3301 pervolgant
422 3238 554 3284 nemora
576 3217 649 3282 avie
672 3216 919 3301 pervolitantes;

57 3349 187 3410 quorum
210 3349 307 3394 uuum
330 3307 455 3412 quidvis
479 3331 654 3414 generatim
678 3349 803 3396 sumere
825 3347 946 3413 perge:

57 3442 197 3510 invenies
220 3451 328 3510 temen
350 3447 431 3514 inter
453 3467 489 3512 se
510 3446 637 3512 differre
660 3444 792 3526 figuris.

56 3577 115 3622 nec
136 3558 258 3623 ratione
281 3558 350 3624 elie
371 3562 477 3644 proles
499 3579 693 3644 cognoscere
717 3563 849 3622 matrem

5 3689 37 3731 co
59 3691 118 3736 neo
138 3681 239 3738 meter
260 3682 370 3757 posset
391 3675 534 3758 prolem;
553 3677 639 3755 quod
661 3692 758 3756 posse
780 3670 946 3754 ridemus,

61 3804 119 3850 nec
140 3787 242 3852 minus
264 3793 363 3868 atque
386 3789 529 3854 homines
552 3787 633 3854 iuter
656 3809 691 3854 se
713 3795 790 3854 nota
813 3789 938 3854 eluere.

60 3918 131 3961 nam
151 3921 250 3986 saepe
273 3908 347 3966 aute
370 3902 463 3968 deum
486 3902 603 3968 vitulus
627 3902 761 3968 delubra
783 3901 900 3967 decore

61 4014 241 4080 turicremas
263 4022 392 4099 propter
413 4023 571 4082 mactatus
594 4018 731 4082 concidit
753 4037 848 4096 ares,

69 4274 115 4324 325
135 4278 178 4328 nbi
198 4277 211 4348 Η
232 4281 281 4330 881
303 4279 371 4330 unde
395 4283 534 4332 ambrum.
555 4277 569 4350 Η
588 4283 637 4332 337
657 4291 773 4334 constet.
794 4280 808 4352 Η
828 4279 1177 4350 842Prsetere113432r·

70 4358 138 4412 butte
155 4363 169 4440 ΙΙ
188 4369 238 4416 347
258 4365 367 4434 quodvis

926 4463 976 4536 4*
