3052 5150
602 327 604 334 ’
649 381 694 448 1v
1162 384 1226 452 ere

125 553 244 640 seripsit
265 573 307 621 ea
328 573 412 638 quse
434 573 506 620 eum
522 553 690 620 Censorini
705 553 789 620 libro
809 551 945 620 eoniusa
959 561 1033 620 sunt
1054 575 1087 641 p.
1099 554 1151 638 93,
1165 555 1224 624 12.

124 658 192 724 item
213 655 295 722 haee
309 657 473 740 imitatur,
489 675 554 721 uon
570 675 609 722 oa
624 675 706 740 quae
721 655 754 722 in
769 657 873 742 primo
893 655 943 724 his
958 657 1224 744 praemittuntur,
1303 739 1307 746 ῃ

124 759 329 826 Nemesianus
344 759 377 824 in
398 757 595 845 oynogetiois
611 759 631 824 8
647 759 711 844 ita,
728 759 875 846 ducitque
893 783 953 846 per
967 761 1062 842 aveir,
1078 784 1143 846 qua
1156 762 1226 828 sola

123 885 291 950 numquam
315 863 406 928 Trite
427 862 527 928 rotis.
547 862 636 926 iuvat
662 874 775 927 aurato
790 864 964 949 procedere
985 885 1083 928 ourru
1104 863 1148 928 Et
1161 887 1224 951 pa·

122 989 185 1032 rere
206 963 285 1033 deo.
301 963 422 1030 venees
444 988 481 1030 eu
503 964 551 1028 s're
572 963 773 1050 per'berbaa
795 964 956 1050 Imperat.
972 965 1088 1031 iutaoto
1103 967 1224 1054 premi·

121 1091 185 1132 mue
198 1067 335 1153 emtipr'a
348 1089 475 1132 museo.
492 1065 658 1132 Horatium
678 1085 806 1150 quoque
821 1065 864 1132 ad
887 1065 1012 1132 initium
1027 1065 1100 1132 libri
1115 1067 1224 1153 potius

121 1169 298 1253 respexisse
320 1167 521 1255 putaverim,
542 1186 612 1233 oum
635 1166 693 1232 illa
714 1167 816 1234 verba
837 1187 922 1252 quas
943 1171 1249 1254 nuntiaveram,

118 1295 188 1358 pres
210 1269 359 1337 medere
370 1271 478 1358 fontis
501 1270 535 1334 iu
556 1268 589 1334 id
613 1287 761 1353 oarmen,
782 1289 845 1354 quo
871 1271 975 1356 primo
988 1271 1114 1358 fidubue
1135 1274 1225 1339 nova

120 1375 290 1460 nauoque
306 1373 429 1460 plectro
444 1371 598 1438 Alcaeum
614 1372 794 1456 exprimere
816 1391 915 1439 ausus
938 1379 1006 1460 est,
1022 1373 1071 1440 sie
1086 1380 1224 1442 manetu-

120 1477 172 1561 lit,
187 1500 204 1542 o
227 1498 311 1563 quoe
322 1474 472 1561 feutrbur
493 1473 626 1560 intepre's
648 1472 798 1558 ennea,
814 1495 835 1558 1,
848 1475 910 1540 26.

199 1579 229 1644 l.
252 1579 496 1644 Ruurorouuu
518 1596 666 1640 neruoso
693 1595 823 1642 soors.
845 1577 1030 1644 Laetantins
1053 1578 1223 1666 iustitutio-

119 1701 189 1747 num
204 1703 226 1765 r,
242 1681 282 1747 16
305 1679 378 1745 le'bee
406 1691 509 1746 tumen
531 1680 687 1767 prosequi
708 1691 810 1744 uetera
836 1692 864 1744 et
884 1677 1077 1767 redurpuere
1094 1683 1224 1768 plenius

118 1787 321 1852 iuvetmtam
340 1783 581 1869 persuasionem
597 1831 607 1865 ,
626 1795 661 1848 ut
686 1780 811 1847 taudem
838 1780 984 1848 homines
1009 1805 1138 1850 suorum
1162 1809 1223 1872 pu·

119 1887 187 1954 deut
208 1911 249 1952 ae
267 1885 428 1973 paeus‘teat
449 1906 610 1949 errorum.
625 1907 775 1970 mupuum
797 1883 946 1970 hocopus
968 1897 996 1950 et
1017 1885 1139 1952 herniae
1155 1885 1223 1974 dip-

117 2013 209 2055 uum:
231 1988 435 2074 Relr'qe'ouum
456 1985 581 2050 enimes
603 1985 696 2051 uodr'e
723 1985 881 2051 eueolvere
896 2009 999 2074 perpe
1010 2036 1020 2070 ,
1035 2000 1070 2052 ut
1091 1989 1138 2053 as't
1158 1989 1224 2054 Lu·

117 2093 251 2158 metius.
272 2088 359 2154 idem
386 2088 420 2152 in
443 2087 550 2171 rv,28,
568 2087 607 2153 13
629 2089 689 2174 qur'
707 2088 753 2152 ait
774 2087 962 2173 religionum
989 2113 1023 2154 se
1044 2087 1142 2156 uedeo
1163 2090 1224 2156 sol·

117 2218 201 2261 uere.
223 2193 303 2259 Pius
336 2189 379 2257 ad
406 2191 522 2256 librum
542 2189 693 2274 primum
720 2187 925 2256 ‘Hodulatius
957 2191 1079 2258 animos
1106 2193 1222 2277 leges’.

118 2293 198 2361 huno
219 2295 256 2360 in
271 2292 352 2360 libro
374 2291 477 2378 primo
493 2291 669 2358 Lambinus
693 2298 822 2357 secutus
842 2297 910 2376 est,
927 2292 960 2358 in
981 2299 1118 2378 utroque
1133 2293 1225 2362 Gree-

118 2397 226 2482 obius,
243 2415 339 2481 quem
351 2393 555 2460 Hiobstadius
571 2394 732 2479 imitatur,
749 2392 986 2461 Wakefieldum
998 2401 1083 2462 reete
1095 2415 1224 2464 mouen-

118 2505 176 2567 tem
191 2518 259 2566 non
274 2515 412 2564 ourans:
428 2501 463 2562 at
478 2495 652 2580 Herbiger,
669 2495 788 2580 nequid
811 2496 1036 2583 intemptatum
1059 2505 1223 2586 maneret,

6 2661 11 2682 ,
118 2601 149 2668 iu
169 2603 276 2689 primo
297 2603 459 2683 ausurum,
474 2599 508 2664 in
531 2604 646 2682 quarto
669 2599 810 2665 αιιὺιιοι.

198 2705 231 2772 8.
254 2723 327 2768 usu
348 2723 489 2767 aucuns
511 2721 634 2766 nunno
657 2699 847 2767 (isaurus.
863 2703 933 2768 Hoe
947 2687 1171 2772 Wakefieldus
1193 2711 1226 2772 et

117 2807 272 2891 l'orbiger
297 2803 455 2891 probant,
471 2802 647 2870 Lambinus
674 2803 797 2870 sciebat
817 2804 967 2872 Latinum
994 2825 1060 2872 uon
1083 2825 1176 2875 esse.
1191 2807 1225 2873 in

118 2911 218 2996 primo
241 2907 451 2974 membranae
471 2925 615 2971 osseo.

183 3011 253 3077 v11.
276 3012 362 3078 Neu
383 3029 522 3074 vnnurr
543 3028 680 3073 nunnus
702 3029 925 3073 sssrnrnrs.
941 3008 991 3074 Ao
1013 3009 1114 3075 ueluti
1126 3009 1224 3090 Quin·
1338 2993 1343 3008 ¹

118 3115 247 3182 tiliauus
262 3135 308 3196 ur,
323 3114 350 3197 1,
361 3112 402 3188 4,
419 3113 495 3177 item
511 3111 635 3178 Nonius
657 3131 689 3196 p.
701 3111 774 3196 413,
790 3111 829 3177 16
852 3118 884 3177 et
898 3110 1115 3198 Hieronymus
1138 3117 1224 3178 tomo
1271 3177 1276 3188 ,

118 3239 140 3281 u
165 3239 197 3304 p.
211 3215 296 3284 1024
321 3213 472 3282 editionis
495 3214 709 3300 Veronensis3
730 3207 1003 3282 tomasse'erroro
1029 3214 1223 3300 memoriae,
1250 3225 1253 3232 ⁴

118 3320 270 3405 quoniam
289 3317 367 3384 illae
388 3316 565 3403 particulas
588 3315 656 3382 fere
671 3315 824 3400 eoniungi
844 3291 969 3383 solent.
985 3315 1144 3401 oblongus
1167 3341 1224 3406 ap·

117 3423 234 3489 arabia
255 3426 288 3487 et
308 3439 404 3486 versu
429 3419 468 3485 16
490 3419 675 3506 Apeirrtbr'r'.
695 3419 819 3485 αόιιιιιί
837 3417 1044 3503 quadratus'
1037 3439 1071 3483 tn
1093 3439 1127 3506 11,
1138 3419 1223 3487 400

120 3522 351 3612 quadratario
373 3521 511 3601 v1,1217
534 3521 721 3608 apsileffebut

203 3623 519 3692 ramesensem
545 3643 677 3688 unnnrs
704 3643 840 3690 onnon.
860 3623 1076 3709 Hieronymus
1099 3559 1224 3692 Oeneiu-

117 3743 195 3816 punt
216 3727 307 3794 dulei
324 3728 446 3794 mena.
464 3727 680 3807 Quintilianus
702 3727 868 3815 Inspiraut
890 3727 949 3807 (ita
970 3726 1224 3813 Ambrosianus,

119 3831 175 3896 alii
189 3830 361 3918 Aepe'raut)
376 3830 479 3896 mellis
494 3829 585 3896 dulci
591 3880 600 3914 ,
617 3828 703 3915 quod
716 3829 830 3896 Latine
845 3827 909 3896 diei
921 3850 1018 3915 posse
1032 3850 1097 3896 non
1110 3829 1224 3898 oredo.

120 3933 258 4019 Hauptio
281 3931 496 4012 Quintilianus
522 3931 650 3999 videtur
676 3931 843 4018 scripsisse
869 3933 1053 4021 Asperpuut
1078 3933 1131 3999 vel
1153 3934 1223 4000 Iue-

114 4049 271 4124 perpura.

206 4138 253 4204 14.
277 4137 329 4204 Hs
360 4157 593 4202 nonnosum.
620 4134 787 4204 Correotor
819 4136 968 4221 quadrati
1002 4139 1085 4206 Ur.
1112 4138 1159 4204 ita
1190 4139 1224 4206 in

206 4343 475 4427 16.Ans1nrn11
501 4361 687 4426 usercen,
709 4363 967 4415 nsonrunoun
993 4364 1064 4408 nore
1098 4362 1224 4407 cerru-

120 4461 219 4510 run.
247 4445 316 4512 Hoe
344 4463 440 4512 versu
466 4444 564 4510 utitur
591 4444 710 4511 Marius
737 4443 859 4511 Plotius
888 4465 921 4531 p.
938 4443 1051 4512 2630.
1079 4445 1224 4510 Donatus
