3020 5146
534 417 592 482 1111

32 589 208 671 usqueadeo
232 589 340 671 magni
364 587 462 656 refert
484 587 621 654 studium
645 527 742 670 atqde
764 589 934 674 voluptas,

32 705 172 785 atquibus
192 705 224 768 in
248 705 343 770 rebus
365 704 548 768 consuerint
570 722 641 768 esse
664 704 787 788 operati
823 748 829 758 -

32 839 80 882 uon
98 817 236 885 homines
257 819 360 884 solum
383 817 440 884 sed
463 837 538 882 vero
562 816 714 880 animalia
737 823 869 884 cuncta.

32 933 125 1016 quippe
146 933 268 1000 videbis
291 953 392 1018 equos
414 934 611 1016 fortis,cun1
633 933 778 998 membra
799 932 968 1019 iacebunt,

32 1047 177 1114 insomnis
200 1049 319 1115 sudare
342 1056 449 1114 tamen
472 1048 659 1132 spirareque
681 1067 806 1132 semper
963 1033 965 1038 ¹

34 1168 58 1224 et
76 1164 151 1244 quasi
173 1163 213 1228 de
234 1165 345 1248 palma
367 1183 507 1230 summas
531 1162 724 1229 contendere
746 1163 824 1228 viris

32 1279 172 1360 autquasi
195 1279 379 1345 carceribus
401 1277 572 1363 patefactis
596 1325 858 1344 .........

32 1401 236 1477 venantumque
259 1415 360 1460 canes
383 1394 416 1458 in
439 1393 526 1458 molli
549 1413 647 1477 saepe
671 1392 777 1474 quiete

32 1507 125 1572 iactam
144 1530 232 1575 crura
254 1518 363 1574 tarncn
385 1511 489 1576 subito
512 1527 672 1590 vocesque
695 1515 828 1592 repente

33 1622 131 1688 mittunt
150 1631 180 1691 et
200 1625 315 1691 crebro
337 1623 515 1690 redducunt
536 1623 668 1690 naribus
691 1643 806 1706 auras,

32 1747 56 1798 ut
73 1741 189 1825 vestigia
211 1740 238 1805 si
260 1745 394 1805 teneant
414 1741 545 1806 iuventa
566 1738 725 1822 serarum,

34 1853 281 1937 expergefactique
304 1860 455 1920 secuntur
475 1854 583 1918 inania
606 1873 705 1937 saepe

36 1983 174 2044 cervorum¹
189 1969 383 2053 simulacra,
400 1969 497 2053 fugae
521 1967 612 2051 quasi
636 1967 745 2033 dedita
768 1973 920 2052 cernant,

39 2077 113 2146 donec
131 2083 281 2150 discussis
305 2083 442 2150 redeant
463 2082 624 2150 erroribus
647 2082 689 2146 ad
712 2102 767 2148 se.

42 2201 65 2256 at
79 2205 209 2264 consueta
232 2197 324 2264 dorni
346 2199 522 2264 catulorum
544 2197 667 2264 blanda
689 2217 834 2282 propago

43 2304 157 2378 discutere
180 2320 211 2380 et
233 2333 352 2398 eorpus
374 2314 415 2380 de
437 2319 522 2378 terra
544 2312 702 2397 corripere
725 2313 845 2378 instant

43 2423 136 2500 proinde
157 2429 249 2510 quasi
273 2429 404 2514 ignotas
426 2428 527 2494 facies
550 2433 645 2510 atque
670 2449 726 2494 ora
749 2433 899 2495 tuantur.

40 2540 60 2596 et
76 2555 123 2618 quo
144 2561 287 2624 quaeque
311 2542 414 2622 magis
437 2548 510 2606 sunt
532 2561 648 2626 aspera
670 2543 897 2623 seminicrum,

38 2653 83 2711 tau
100 2657 191 2736 uagis
213 2658 247 2722 in
270 2656 393 2722 somnis
415 2657 527 2721 eadem
551 2657 675 2722 saevire
697 2667 881 2724 necessust:

38 2769 60 2824 at
76 2769 167 2835 variae
188 2770 319 2856 fugiunt
340 2771 485 2836 volucres
509 2771 677 2854 pinnisque
699 2779 829 2857 repente

36 2877 174 2948 sollicitant
194 2885 304 2952 divom
328 2889 481 2950 nocturno
504 2891 646 2970 ternpore
669 2888 778 2964 lucos,

37 2993 172 3077 accipitres
194 3020 309 3065 somno
331 2998 365 3062 in
388 2999 452 3063 leni
475 3000 502 3064 si
524 3001 648 3083 proelia
670 3021 796 3085 pugnas

38 3103 110 3172 edere
129 3120 196 3177 sunt
216 3119 439 3198 persectantes
461 3115 613 3196 visaeque
636 3115 803 3180 volantes.
979 3191 981 3194 ¹

37 3235 107 3296 porro
126 3225 285 3292 homiuum
307 3233 430 3293 mentes
443 3228 593 3316 ‚magnis
617 3229 671 3310 qui
694 3230 852 3324 mentibus
875 3229 973 3295 edunt

38 3343 266 3418 tramaricam
291 3359 389 3425 saepe
411 3341 445 3406 in
468 3343 588 3408 somnis
611 3342 797 3428 faciuntque
821 3350 1018 3426 gerantque,

38 3463 109 3527 rages
128 3462 330 3540 expugnant,
348 3457 536 3540 capiuntur,
553 3459 677 3540 proelia
699 3459 852 3542 miscent,

38 3559 125 3630 tollunt
143 3569 332 3653 clamorem,
349 3571 440 3652 quasi
463 3571 490 3634 si
513 3570 695 3655 iugulentur
716 3571 856 3636 ibidem.

40 3676 106 3740 uuiti
125 3681 307 3767 depugnant
329 3685 527 3768 gemitusque
551 3685 715 3752 doloribus
736 3685 854 3770 edunt,

40 3794 61 3848 tt
77 3796 156 3872 quasi
175 3800 354 3882 pantherae
377 3819 484 3864 morsu
506 3799 635 3865 saevive
657 3799 760 3868 leonis

42 3906 199 3976 mandantur
220 3912 350 3995 magnis
373 3913 566 3978 clamoribus
590 3913 698 3979 omnia
721 3915 901 3998 complent.

115 4093 208 4103 --—-..

45 4200 80 4248 ²¹34
96 4208 215 4260 voluntas.
232 4211 245 4282 Η
272 4215 322 4264 989
341 4213 437 4276 palmos
463 4211 476 4281 Η
503 4215 553 4264 990
576 4229 650 4278 sucpe
670 4213 770 4276 quiete.
795 4211 809 4281 Η
835 4216 882 4263 991
904 4213 1022 4276 vocisque
1044 4211 1057 4283 Η
1083 4217 1133 4264 999

45 4280 90 4346 ‘rav
106 4289 118 4358 tt
134 4297 199 4348 cura
225 4297 239 4366 q
264 4302 315 4350 aaa
334 4300 473 4350 terroribus
499 4297 512 4368 q
539 4303 932 4352 roco-moazsor-ssa.
957 4299 971 4368 p
997 4305 1061 4351 1011
1086 4317 1135 4364 que

45 4377 146 4430 nautibus
164 4385 177 4454 ΙΙ
198 4390 263 4438 1013
283 4388 440 4451 exipugnant

868 4483 933 4553 10*
1007 4481 1011 4490 ’
