2996 5148
559 447 601 510 Vl

14 703 15 706 Ἴ
51 617 173 700 namqui
194 637 326 701 cumque
350 638 426 684 suos
447 617 627 701 bigitabant
649 619 752 684 visere
775 620 815 684 ad
838 639 972 704 aegros,

14 711 15 720 Η
49 734 105 794 ulai
126 733 243 797 nimium
267 733 403 822 cupidos
426 734 600 816 mortisque
621 733 762 798 timentia

14 871 39 914 ro»
51 848 174 930 poenibat
194 849 287 932 paulo
311 857 385 932 post
406 850 488 933 turpi
512 854 613 914 morte
636 837 807 930 malaque,

49 962 184 1044 desertos,
199 963 269 1046 opis
293 964 455 1047 expertis,
472 963 595 1028 incuria
617 968 783 1028 mactans.

49 1076 87 1155 qui
107 1076 220 1140 fucrant
242 1083 350 1142 antem
372 1085 522 1161 praesto,
539 1079 729 1163 contagibus
751 1079 840 1144 ibant

47 1201 121 1272 atque
140 1191 263 1266 labore,
280 1191 387 1276 pudor
409 1211 502 1274 quem
526 1201 590 1258 tum
613 1194 748 1274 cogebat
771 1193 859 1258 obire

48 1305 197 1387 blandaque
218 1306 381 1371 lassorum
403 1329 466 1372 vox
488 1308 587 1390 mixta
609 1328 689 1374 voce
713 1308 897 1390 querellae.
957 1357 959 1364 1

14 1423 155 1502 uoptimus
177 1422 235 1486 boc
258 1422 314 1486 leli
338 1441 440 1506 genus
463 1445 538 1507 crgo
562 1423 696 1506 quisquc
719 1423 869 1488 subibat.

14 1534 195 1602 circumlata
217 1538 291 1623 rapi
317 1540 491 1604 cernebant
513 1538 627 1604 lunera
651 1549 761 1623 vasta,

14 1651 117 1730 uzinque
136 1651 205 1716 aliis
227 1654 332 1717 alium
355 1653 508 1738 populum
532 1656 667 1738 sepelire
690 1674 819 1720 suorum

45 1772 171 1831 cenantes
184 1793 191 1830 :
206 1767 352 1832 lacrimis
376 1769 451 1834 lassi
473 1769 626 1852 luctuque
648 1768 813 1834 redibant:

46 1879 100 1944 inde
118 1883 226 1948 bonam
251 1889 380 1968 partem
403 1885 435 1948 iu
458 1885 573 1948 lectum
595 1904 741 1948 maerore
764 1884 944 1950 dabantur.

14 2011 85 2058 uiroc
103 2005 217 2080 poterat
240 2000 414 2081 quisquam
438 1999 590 2085 reperiri,
607 2018 700 2080 quem
724 2019 828 2082 neque
854 2002 982 2066 morbus

48 2129 84 2173 rec
102 2133 177 2180 mors
199 2135 260 2180 nec
282 2115 390 2179 luctus
412 2119 582 2198 temptaret
605 2121 747 2198 tempure
769 2116 864 2180 talei.

74 2230 227 2296 Praeterea
250 2231 318 2294 iam
341 2237 448 2313 pastor
471 2237 503 2294 et
525 2230 737 2294 armentarius
760 2231 863 2296 omnis

55 2343 209 2410 drobuslus
231 2345 311 2410 item
336 2345 421 2408 curvi
444 2345 626 2410 moderator
649 2344 747 2409 aratri

52 2451 205 2535 languebat,
222 2459 418 2544 penitusque
442 2480 518 2526 oasa
541 2469 691 2526 contrusa
714 2461 862 2526 iacebant

14 2581 149 2653 uioopcra
171 2581 366 2658 paupertate
389 2583 421 2638 et
443 2575 554 2639 morbo
578 2574 687 2640 dedita
708 2575 821 2638 morti.

47 2686 165 2752 exanimis
187 2688 301 2772 pueris
324 2709 419 2772 super
441 2688 623 2754 exanimata
644 2697 812 2773 pareutum

45 2815 146 2882 mpura
166 2823 232 2869 non
257 2824 434 2886 numquam
457 2823 570 2888 pirsses
592 2810 741 2885 retroque
764 2803 872 2870 videre

45 2915 164 2981 tratribus
186 2927 218 2982 et
241 2919 391 3002 patribus
414 2927 505 2984 natos
528 2937 624 3003 super
647 2917 743 2985 edere
766 2919 882 2984 vitam.

45 3043 83 3088 iren
99 3033 256 3098 minimam
280 3040 403 3118 partem
426 3053 464 3096 ex
487 3035 574 3114 agris
598 3034 750 3100 macroris
773 3034 805 3097 iu
829 3035 937 3098 urbem

14 3141 162 3211 ucontluxit
183 3148 298 3231 labes,
316 3169 411 3230 quem
433 3149 566 3212 contulit
589 3143 799 3230 agricolarum

44 3257 111 3337 orpia
129 3264 326 3328 conveniens
349 3283 387 3328 cx
411 3263 496 3328 omni
519 3262 666 3327 morbida
688 3271 799 3346 parte.

43 3374 123 3437 ¹»unia
144 3376 338 3461 conplebant
361 3378 433 3442 loca
455 3385 622 3460 tectaque;
640 3397 703 3460 quo
727 3379 831 3462 magis
854 3385 926 3443 astu

43 3485 170 3555 iutnlertoa
192 3490 239 3555 ita
263 3492 435 3556 acervatim
459 3513 544 3556 mors
566 3493 808 3560 accumulabat.

43 3602 113 3667 uuita
133 3607 183 3670 siti
205 3611 370 3690 protracta
391 3607 476 3670 viam
500 3628 557 3691 per
578 3627 700 3692 proque
722 3607 833 3672 voluta

14 3713 150 3800 ”terpora
171 3721 296 3786 silanos
319 3721 360 3785 ad
384 3740 537 3802 aquarum
562 3729 662 3788 strata
684 3723 834 3788 iacebant

41 3825 188 3900 interclusa
209 3837 317 3900 anima
340 3837 440 3899 nimia
461 3837 503 3900 ab
527 3836 696 3903 dulcedine
718 3855 894 3917 aquarum,

42 3945 179 4030 uultuque
200 3970 260 4035 per
280 3951 390 4036 populi
412 3951 533 4036 passim
556 3949 630 4016 loca
652 3957 800 4034 prompta
822 3953 956 4033 viasque

53 4125 218 4141 *Q--h

43 4243 93 4293 uus
110 4259 188 4300 nuere
208 4247 222 4318 Η
250 4253 315 4302 1240
333 4251 461 4302 Poenibus
480 4259 506 4302 at
526 4249 539 4320 Η
566 4256 630 4303 1241
652 4254 742 4304 incure
762 4257 774 4320 Η
800 4255 866 4304 1225
886 4253 1017 4304 certabant
1036 4253 1049 4319 Η
1072 4257 1138 4306 1249

43 4333 146 4400 [θ’-11111111
166 4339 356 4388 ranomorbo.
378 4337 391 4408 Η
418 4334 480 4390 1251
503 4341 570 4390 tale.
592 4336 605 4408 Η
632 4343 697 4389 1260
717 4342 839 4405 langueris
860 4339 874 4408 Η
903 4346 966 4392 1261
988 4343 1102 4392 morbide
1123 4340 1137 4411 Η

44 4417 94 4466 liti
112 4423 262 4474 condiebant
281 4427 295 4494 Η
315 4435 412 4477 smtnc.
434 4425 448 4495 Η
470 4429 536 4477 1264
554 4437 681 4492 prostrata
700 4423 714 4496 Η
736 4431 801 4478 1165
821 4429 954 4480 tacebant.
