3052 5144
593 455 623 522 11

19 651 31 698 s
53 629 128 695 hoen
149 629 253 708 magis
276 629 390 694 ametis
411 629 494 694 inter
514 647 587 693 sese
609 647 680 692 esse
701 633 864 693 necessest

53 751 81 806 et
101 744 188 825 quasi
211 741 351 808 ramosis
373 743 437 809 alte
459 747 624 826 eompnote
645 741 767 816 teneri.

51 857 79 921 in
101 878 159 939 quo
182 857 246 920 iem
269 875 389 940 genere
409 857 443 921 in
464 855 574 942 primis
595 855 806 921 adamantina
828 877 907 922 saxa

53 972 147 1055 prima
169 973 240 1036 sele
264 977 433 1056 onustant,
449 973 530 1036 intus
554 975 754 1036 eontemnere
777 977 887 1056 sueta,

54 1093 82 1150 et
100 1084 194 1150 validi
217 1086 347 1162 silices,
364 1107 402 1152 ne
423 1086 494 1150 duri
517 1087 633 1150 robora
654 1083 750 1169 ferri,

20 1217 182 1281 oeeraque
206 1219 293 1282 quae
316 1199 463 1266 elaustris
485 1199 640 1266 restantia
661 1198 891 1265 vociferantur.

52 1313 101 1376 illa
122 1313 249 1394 quidem
272 1312 393 1378 debent
415 1333 432 1378 e
454 1314 579 1379 levibus
602 1321 697 1395 atque
720 1313 862 1378 rutundis

54 1446 117 1491 esse
138 1428 262 1512 magis,
280 1427 401 1494 fluvido
425 1449 506 1510 quae
530 1447 663 1513 corpore
685 1427 811 1510 liquide
833 1433 1000 1494 coustant.

55 1561 181 1623 namque
203 1543 379 1628 papaveris
401 1541 534 1608 haustus
556 1543 662 1608 itemst
682 1541 788 1607 facilis
812 1542 905 1624 quasi
926 1563 1102 1625 aquarum:

55 1675 106 1720 nee
127 1655 300 1720 retinentur
323 1658 417 1736 enim¹
431 1659 513 1722 inter
535 1675 570 1722 se
591 1657 823 1740 glomeramina
846 1676 1011 1739 quaeque,

18 1789 35 1835 s
55 1777 82 1832 et
100 1789 266 1853 procursus
290 1771 365 1836 item
387 1771 528 1856 proelive
550 1770 700 1836 volubilis
722 1777 846 1835 exstat.

56 1885 148 1948 omnia
168 1893 333 1970 postremo
356 1905 439 1968 quae
462 1893 577 1970 puncto
600 1891 743 1968 tempore
766 1884 870 1949 neruis
1077 1952 1084 1967 ,

57 1997 195 2080 diffugere
209 2048 217 2082 ,
233 2005 270 2062 ut
292 1999 410 2064 sumum
434 2001 571 2065 nebulas
592 1999 822 2081 flammasque,
839 2005 1021 2084 necessest,
1101 2043 1106 2052 ·

57 2113 192 2177 siminus
214 2113 356 2178 omnibu’
378 2121 452 2179 sunt
473 2135 491 2180 e
514 2114 637 2180 levibus
661 2120 757 2194 atque
778 2112 941 2196 rutundis,

62 2231 88 2289 ot
104 2249 160 2293 non
183 2249 256 2294 esse
278 2235 388 2294 tamen
410 2229 571 2314 perplexis
594 2227 801 2312 indupedita,

18 2356 43 2402 oo
62 2359 181 2424 pungere
203 2344 249 2408 uti
271 2345 399 2428 possint
420 2363 536 2427 eorpus
553 2339 789 2427 ¹penetrareque
812 2360 905 2424 sese,

60 2472 106 2518 nee
125 2463 228 2522 tamen
251 2458 388 2524 haerere
409 2457 492 2522 inter
513 2477 568 2539 se3
585 2455 670 2539 quod
693 2475 827 2537 eumque
850 2465 1038 2524 venenumst

60 2569 191 2656 sensibn',
208 2573 267 2638 sed
291 2593 418 2653 rarum,
435 2571 532 2637 senile
554 2577 589 2635 ut
611 2589 805 2652 cognoscere
828 2571 933 2654 possis

58 2701 109 2746 non
129 2703 146 2747 e
166 2687 332 2771 perplexis
355 2685 412 2752 sed
434 2686 537 2752 aoutis
561 2705 631 2750 esse
654 2685 839 2751 elementis.

57 2796 105 2860 sed
124 2800 205 2881 qnod
227 2818 343 2863 amare
363 2800 454 2865 vides
472 2799 593 2866 eadem
616 2819 697 2881 quae
719 2799 839 2866 fluvida
861 2807 1026 2885 constent,

18 2927 38 2974 ss
58 2910 140 2976 sudor
159 2914 202 2977 uti
225 2914 327 2979 maris
350 2921 418 2998 est,
436 2913 565 2980 minime
586 2914 731 2979 mirabile
754 2913 909 2979 habebis:

57 3045 119 3088 nam
140 3030 222 3109 quod
246 3028 384 3094 fluvidus
407 3037 475 3112 est,
492 3049 510 3096 e
531 3030 654 3094 levibus
673 3035 770 3110 atque
792 3027 935 3093 rutundis

30 3175 32 3183 ·
57 3147 113 3216 est,
129 3149 159 3206 et
179 3143 295 3208 levibu’
319 3151 391 3209 sunt
414 3144 543 3209 aliunde
566 3143 710 3208 admixta
732 3142 853 3208 doloris

58 3269 196 3336 eorpora.
213 3260 280 3322 nee'
296 3263 401 3324 tamen
424 3259 506 3324 haee
527 3257 656 3323 retineri
679 3257 810 3323 hamata
833 3262 1050 3324 necessumst:

59 3365 164 3432 scilieet
184 3389 256 3437 esse
280 3371 416 3453 globosa
439 3381 566 3456 lamen,
584 3391 654 3436 oum
677 3372 825 3453 squalida
848 3377 1013 3450 onustant,

18 3493 39 3535 u
59 3483 187 3559 provolvi
209 3485 304 3550 simul
327 3491 360 3550 ut
380 3487 505 3570 possint
527 3493 561 3582 et
581 3487 710 3552 laedere
732 3507 865 3552 sensus.

61 3601 86 3656 et
105 3615 162 3676 quo
184 3599 284 3664 mixta
306 3608 399 3684 putes
422 3601 526 3684 magis
549 3621 667 3685 aspera
688 3601 811 3666 levibus
834 3621 905 3668 esse

59 3707 229 3795 principiis,
245 3713 330 3780 unde
354 3719 403 3779 est
423 3717 561 3800 Neptuni
586 3735 700 3800 eorpus
723 3717 894 3802 acerbum,

61 3827 101 3884 est
119 3826 195 3892 ratio
218 3829 407 3894 secernendi
429 3847 637 3913 seorsumque
658 3830 809 3895 videndi:

19 3947 42 3994 ts
61 3931 160 4018 linquit
181 3945 266 4007 enim
288 3961 404 4028 supera
426 3945 519 4010 taetri
541 3925 717 4029 primordia
739 3945 798 4010 viri

65 4151 175 4204 laevone
187 4157 316 4208 terantur.
336 4155 351 4228 Η
370 4163 419 4210 451
435 4175 466 4210 ex
486 4158 499 4228 Η
519 4163 569 4210 452
588 4175 695 4224 corpora
715 4155 728 4228 Η
749 4163 799 4210 453
813 4162 880 4224 quod
900 4159 913 4226 Η
934 4163 984 4209 455
1004 4161 1133 4224 perculsus
1153 4159 1166 4226 Η

67 4239 109 4286 tre
126 4245 206 4292 omnia
225 4240 239 4314 Η
259 4247 310 4295 reo
333 4261 411 4296 saxa.
433 4245 445 4315 Η
466 4251 515 4299 461
540 4249 670 4298 sedemus.
690 4245 704 4315 Η
724 4249 775 4296 ιιι
800 4247 914 4296 senatum
934 4244 947 4314 Η
966 4249 1017 4297 ses
1043 4246 1132 4296 debes.
1154 4245 1167 4313 Η

67 4323 138 4376 idle
160 4327 254 4382 levibus
278 4343 353 4395 atque
376 4336 478 4383 rutundi
497 4331 511 4403 Η
531 4336 583 4385 468
604 4335 713 4384 retinere
736 4333 822 4383 hmnst
845 4347 966 4384 necessu.
987 4329 1001 4400 Η
1021 4335 1071 4382 469
1097 4347 1169 4384 eons-

67 4417 111 4458 ret.
129 4415 142 4482 Η
160 4419 206 4467 471
227 4421 294 4483 quod
315 4415 328 4487 Η
347 4423 398 4470 476
417 4419 505 4484 Inquit
524 4419 538 4490 Η
556 4420 656 4472 mordis
