3020 5146
533 447 591 514 1111

36 633 119 696 amma
139 647 218 711 quae
240 626 356 691 circum
379 623 515 705 feriunt,
532 621 702 701 sonituque
725 619 864 684 cientur.
917 639 920 646 ⁴

36 755 59 810 at
76 744 229 810 simulacra
250 741 311 805 viis
334 735 470 804 dereetis
492 736 600 800 omnia
623 733 756 800 tendunt

36 868 59 922 ut
76 867 136 922 sunt
155 857 251 921 missa
273 854 474 934 seme13qua
496 856 628 934 propter
650 867 779 913 eernere
801 867 895 912 nemo

36 994 137 1057 saepem
158 973 238 1035 intra
257 969 340 1054 potis
363 973 430 1050 est,
447 973 481 1030 at
501 983 597 1031 voees
620 964 766 1047 aeeipere
788 967 896 1026 extra.

36 1095 59 1152 st
74 1097 163 1152 tarum
185 1088 256 1171 ipsa
279 1102 405 1165 quaque
429 1083 527 1164 haee,
545 1080 617 1143 dum
641 1079 756 1143 transit
778 1078 888 1142 elausa
911 1075 1096 1156 dumorum,

36 1225 82 1266 mr
100 1200 272 1286 optunditur
295 1204 391 1278 atque
414 1196 500 1260 auris
523 1193 658 1259 eoufusa
679 1197 848 1278 penetrat,

36 1327 59 1382 et
75 1319 189 1381 sonitum
214 1314 320 1398 potius
343 1331 438 1392 quam
461 1309 560 1374 verba
582 1307 695 1372 aridire
717 1306 880 1372 videmur.

66 1435 136 1514 Nee,
152 1431 203 1512 qui
225 1427 381 1493 sentimus
403 1444 532 1506 sucum,
549 1423 659 1505 lingua
681 1427 778 1504 atque
800 1421 943 1505 palatum

36 1547 180 1630 plusculum
202 1543 322 1608 habeut
344 1540 377 1604 iu
400 1557 435 1604 re
458 1537 589 1602 rationis
610 1537 684 1620 plus
706 1553 888 1620 operaeve.

36 1661 160 1746 principia
181 1679 293 1724 sueum
318 1653 474 1720 sentimus
496 1652 529 1716 in
552 1673 627 1731 ore,
643 1652 747 1718 eibum
770 1669 842 1714 eum

36 1775 185 1840 mandando
208 1771 438 1857 exprimimus,
454 1787 514 1833 eeu
535 1767 666 1852 plenam
689 1763 857 1850 spongiam
880 1762 977 1843 aquai

36 1891 112 1972 siquis
130 1890 204 1954 forte
227 1907 327 1952 manu
348 1903 496 1970 premere
518 1903 558 1948 ae
580 1882 702 1948 siccare
725 1878 847 1962 eoepit.

37 2005 90 2068 iude
108 2003 184 2088 quod
206 2000 417 2087 exprimimus
439 2019 496 2083 per
518 1996 628 2062 aautas
652 2014 745 2060 omne
768 1993 870 2078 palati

39 2119 122 2183 diditur
142 2127 172 2184 et
192 2137 288 2184 rarae
312 2115 467 2200 perplexa
488 2111 647 2176 foramina
668 2111 816 2193 linguae.

43 2231 83 2297 tue
98 2236 141 2299 ubi
162 2234 245 2300 levia
268 2237 344 2298 sunt
365 2228 525 2294 manantis
548 2243 685 2308 corpora
708 2225 795 2301 saei,

43 2349 146 2414 suaviter
166 2348 330 2430 attingunt
351 2351 383 2409 et
404 2342 544 2408 suaviter
566 2339 673 2404 omnia
695 2343 852 2420 tractant,

42 2463 115 2527 umida
132 2463 251 2548 linguai
274 2461 394 2526 eiruum
415 2457 553 2522 sidentia
575 2453 715 2536 tempta:

38 2585 61 2638 at
77 2587 167 2644 matra
187 2581 335 2662 pungunt
357 2591 486 2638 sensum
508 2569 715 2648 laeerautque
737 2572 865 2640 adorta,

38 2701 127 2771 quanm
147 2667 293 2777 quaeque
316 2687 422 2769 magis
444 2690 517 2751 suut
539 2683 712 2767 asperitate
733 2681 878 2764 repleta.

36 2803 125 2872 driade
143 2809 290 2892 voluptas
314 2808 364 2869 est
385 2821 403 2868 e
425 2819 501 2866 sues
523 2800 586 2864 tiae
609 2797 727 2882 palati:

36 2939 87 2981 rum
105 2940 172 2987 vero
194 2922 347 2986 deorsum
369 2937 428 3002 per
449 2915 560 2980 fauces
582 2910 824 2996 praecipitavit,

36 3033 103 3098 uuita
120 3036 264 3122 voluptas
288 3040 356 3117 est,
373 3033 448 3096 dum
472 3029 589 3094 diditur
612 3025 715 3102 omnis
736 3025 768 3086 in
792 3028 898 3086 artus.

36 3167 80 3212 aee
97 3151 185 3216 refert
207 3151 380 3234 quiequam
405 3167 467 3229 quo
489 3143 573 3209 vieta
597 3159 711 3224 eorpus
733 3135 856 3218 alatur,

36 3259 89 3325 dum
109 3265 196 3330 modo
219 3263 308 3348 quud
330 3261 439 3346 eaptus
462 3263 647 3324 eoneoetum
670 3252 781 3318 didere
803 3248 908 3335 possis

36 3379 138 3442 amrbus
159 3385 190 3444 et
211 3375 370 3445 stomachi
391 3374 567 3442 umidutum
591 3387 718 3437 servare
739 3373 900 3432 tenorem.

63 3493 139 3558 Nure
158 3493 231 3560 aliis
253 3493 338 3558 atius
361 3491 415 3574 qui
437 3489 479 3555 sit
498 3488 587 3553 eibus
610 3485 721 3550 uniens
744 3487 839 3565 aptus

37 3607 197 3688 expediam,
214 3625 376 3691 quareve,
392 3605 464 3670 aliis
487 3601 573 3685 quod
596 3599 685 3666 triste
708 3603 739 3662 et
760 3599 951 3668 amarumst‚

37 3717 80 3784 tue
97 3729 195 3788 tamen
218 3741 294 3790 esse
315 3720 389 3786 aliis
410 3719 513 3804 possit
534 3714 684 3800 perdulce
706 3709 825 3786 videri,

38 3837 159 3916 tantaque
180 3837 213 3902 in
235 3837 286 3902 his
308 3835 403 3900 rebus
426 3831 576 3898 distantia
597 3827 833 3906 differitasque,

38 3951 60 4008 tt
78 3953 153 4029 quod
173 3953 217 4016 ali
240 3952 331 4016 eibus
353 3955 402 4015 est
423 3947 494 4012 aliis
515 3945 584 4010 fuat
606 3961 680 4007 aare
702 3956 859 4004 venenum
871 3957 881 4014 3

112 4093 208 4100 --—--.-

40 4157 76 4198 stra
93 4158 185 4210 fueruat
212 4159 226 4228 Η
257 4161 307 4208 603
327 4159 364 4207 vis
388 4153 401 4225 Η
426 4159 473 4205 611
495 4153 576 4215 Saepe
594 4165 669 4213 supra
694 4145 707 4215 Η
733 4150 782 4196 612
803 4145 936 4193 domorum
955 4140 1094 4191 omissum.
1116 4133 1129 4202 Η

40 4243 77 4288 ‘³¹5
94 4244 143 4296 Hoc
162 4246 175 4314 Η
196 4251 246 4297 616
262 4261 353 4309 opere.
375 4241 387 4312 Η
408 4245 458 4292 622
474 4247 604 4290 manantes
624 4233 638 4305 Η
659 4233 823 4284 tritinsium
838 4231 926 4293 lingua
945 4225 958 4294 Η
979 4224 1096 4274 sudantia
1116 4221 1129 4289 Η

40 4329 74 4374 53¹
93 4347 185 4393 posses.
214 4331 228 4398 Η
259 4335 308 4382 632
328 4331 441 4380 umidum
470 4329 481 4394 Η
512 4329 562 4376 633
582 4334 609 4374 ut
626 4324 771 4372 videamus.
798 4317 812 4386 Η
838 4320 888 4367 636
909 4317 935 4364 in
955 4313 1094 4364 omissam.
1116 4313 1127 4374 Η

40 4427 79 4462 ⁸²¹1
102 4415 112 4484 Η
135 4423 180 4468 63ῑ
201 4421 258 4470 ratiis
277 4419 347 4469 cibus
372 4416 384 4487 Η
411 4419 478 4466 sruat
