<?xml version="1.0" encoding="UTF-8"?>
<!DOCTYPE html PUBLIC "-//W3C//DTD XHTML 1.0 Transitional//EN"
    "http://www.w3.org/TR/xhtml1/DTD/xhtml1-transitional.dtd">
<html xmlns="http://www.w3.org/1999/xhtml" xml:lang="en" lang="en">
 <head>
  <title>
</title>
<meta http-equiv="Content-Type" content="text/html;charset=utf-8" />
  <meta name='ocr-system' content='tesseract 3.04.00' />
  <meta name='ocr-capabilities' content='ocr_page ocr_carea ocr_par ocr_line ocrx_word'/>
</head>
<body>
  <div class='ocr_page' id='page_1' title='image "./tlucreticarider24carugoog_0434.png"; bbox 0 0 3052 5150; ppageno 0'>
   <div class='ocr_carea' id='block_1_1' title="bbox 626 415 1204 484">
    <p class='ocr_par' dir='ltr' id='par_1_1' title="bbox 626 415 1204 484">
     <span class='ocr_line' id='line_1_1' title="bbox 626 415 1204 484; baseline 0.002 -2"><span class='ocrx_word' id='word_1_1' title='bbox 626 415 677 483; x_wconf 91' lang='lat' dir='ltr'><strong>Ill</strong></span> <span class='ocrx_word' id='word_1_2' title='bbox 1143 417 1204 484; x_wconf 75' lang='lat'><strong>179</strong></span> 
     </span>
    </p>
   </div>
   <div class='ocr_carea' id='block_1_2' title="bbox 10 585 1237 1599">
    <p class='ocr_par' dir='ltr' id='par_1_2' title="bbox 10 585 1208 981">
     <span class='ocr_line' id='line_1_2' title="bbox 115 585 1204 669; baseline -0.001 -14"><span class='ocrx_word' id='word_1_3' title='bbox 115 587 283 669; x_wconf 71' lang='lat' dir='ltr'><strong>Quadratus</strong></span> <span class='ocrx_word' id='word_1_4' title='bbox 303 589 445 654; x_wconf 76' lang='lat' dir='ltr'><strong>minente·</strong></span> <span class='ocrx_word' id='word_1_5' title='bbox 462 587 602 654; x_wconf 82' lang='lat' dir='ltr'><strong>omittit:</strong></span> <span class='ocrx_word' id='word_1_6' title='bbox 625 587 712 654; x_wconf 88' lang='lat' dir='ltr'><strong>idem</strong></span> <span class='ocrx_word' id='word_1_7' title='bbox 734 587 887 652; x_wconf 86' lang='lat' dir='ltr'><strong>in-versn</strong></span> <span class='ocrx_word' id='word_1_8' title='bbox 909 586 1002 653; x_wconf 86' lang='lat' dir='ltr'><strong>tertio</strong></span> <span class='ocrx_word' id='word_1_9' title='bbox 1025 585 1204 654; x_wconf 70' lang='lat' dir='ltr'><strong>discedere.</strong></span> 
     </span>
     <span class='ocr_line' id='line_1_3' title="bbox 115 687 1208 776; baseline -0.003 -20"><span class='ocrx_word' id='word_1_10' title='bbox 115 697 258 758; x_wconf 61' lang='lat' dir='ltr'><strong>errator</strong></span> <span class='ocrx_word' id='word_1_11' title='bbox 278 689 413 774; x_wconf 82' lang='lat' dir='ltr'><strong>oblongi</strong></span> <span class='ocrx_word' id='word_1_12' title='bbox 440 695 473 756; x_wconf 86' lang='lat' dir='ltr'><strong>et</strong></span> <span class='ocrx_word' id='word_1_13' title='bbox 499 691 573 756; x_wconf 85' lang='lat' dir='ltr'><strong>Itali</strong></span> <span class='ocrx_word' id='word_1_14' title='bbox 595 689 757 776; x_wconf 62' lang='lat' dir='ltr'><strong>serpena</strong></span> <span class='ocrx_word' id='word_1_15' title='bbox 778 687 883 755; x_wconf 85' lang='lat' dir='ltr'><strong>eoudu</strong></span> <span class='ocrx_word' id='word_1_16' title='bbox 904 739 913 758; x_wconf 89' lang='lat'><strong>.</strong></span> <span class='ocrx_word' id='word_1_17' title='bbox 936 689 1094 755; x_wconf 82' lang='lat' dir='ltr'><strong>Aventius</strong></span> <span class='ocrx_word' id='word_1_18' title='bbox 1116 687 1208 755; x_wconf 87' lang='lat' dir='ltr'><strong>dedit</strong></span> 
     </span>
     <span class='ocr_line' id='line_1_4' title="bbox 114 790 1206 880; baseline -0.003 -21"><span class='ocrx_word' id='word_1_19' title='bbox 114 793 258 859; x_wconf 71' lang='lat' dir='ltr'><strong>mudum:</strong></span> <span class='ocrx_word' id='word_1_20' title='bbox 279 792 356 859; x_wconf 85' lang='lat' dir='ltr'><strong>inde</strong></span> <span class='ocrx_word' id='word_1_21' title='bbox 378 793 455 858; x_wconf 87' lang='lat' dir='ltr'><strong>Plus</strong></span> <span class='ocrx_word' id='word_1_22' title='bbox 476 793 628 858; x_wconf 70' lang='lat' dir='ltr'><strong>malebestiae</strong></span> <span class='ocrx_word' id='word_1_23' title='bbox 649 792 810 880; x_wconf 70' lang='lat' dir='ltr'><strong>serpeueu</strong></span> <span class='ocrx_word' id='word_1_24' title='bbox 832 790 992 858; x_wconf 82' lang='lat' dir='ltr'><strong>caudam.</strong></span> <span class='ocrx_word' id='word_1_25' title='bbox 1013 791 1074 857; x_wconf 86' lang='lat' dir='ltr'><strong>hou</strong></span> <span class='ocrx_word' id='word_1_26' title='bbox 1095 810 1206 876; x_wconf 80' lang='lat' dir='ltr'><strong>quam·</strong></span> 
     </span>
     <span class='ocr_line' id='line_1_5' title="bbox 10 889 1207 981; baseline -0.002 -19"><span class='ocrx_word' id='word_1_27' title='bbox 10 912 14 974; x_wconf 73' lang='lat' dir='ltr'><strong>r</strong></span> <span class='ocrx_word' id='word_1_28' title='bbox 114 889 197 979; x_wconf 80' lang='lat' dir='ltr'><strong>quabr</strong></span> <span class='ocrx_word' id='word_1_29' title='bbox 218 896 309 962; x_wconf 87' lang='lat' dir='ltr'><strong>multi</strong></span> <span class='ocrx_word' id='word_1_30' title='bbox 331 895 529 981; x_wconf 75' lang='lat' dir='ltr'><strong>probarunt,</strong></span> <span class='ocrx_word' id='word_1_31' title='bbox 552 901 664 981; x_wconf 88' lang='lat' dir='ltr'><strong>aperte</strong></span> <span class='ocrx_word' id='word_1_32' title='bbox 686 893 802 960; x_wconf 80' lang='lat' dir='ltr'><strong>falsum</strong></span> <span class='ocrx_word' id='word_1_33' title='bbox 828 899 898 960; x_wconf 86' lang='lat' dir='ltr'><strong>est:</strong></span> <span class='ocrx_word' id='word_1_34' title='bbox 924 911 1000 960; x_wconf 89' lang='lat' dir='ltr'><strong>nam</strong></span> <span class='ocrx_word' id='word_1_35' title='bbox 1021 899 1122 960; x_wconf 86' lang='lat' dir='ltr'><strong>totam</strong></span> <span class='ocrx_word' id='word_1_36' title='bbox 1144 914 1207 961; x_wconf 90' lang='lat' dir='ltr'><strong>ser·</strong></span> 
     </span>
    </p>

    <p class='ocr_par' dir='ltr' id='par_1_3' title="bbox 113 985 1237 1599">
     <span class='ocr_line' id='line_1_6' title="bbox 115 985 1237 1084; baseline -0.002 -20"><span class='ocrx_word' id='word_1_37' title='bbox 115 1005 227 1082; x_wconf 69' lang='lat' dir='ltr'><strong>penum</strong></span> <span class='ocrx_word' id='word_1_38' title='bbox 249 997 384 1083; x_wconf 84' lang='lat' dir='ltr'><strong>disoidi,</strong></span> <span class='ocrx_word' id='word_1_39' title='bbox 411 1017 476 1064; x_wconf 92' lang='lat' dir='ltr'><strong>non</strong></span> <span class='ocrx_word' id='word_1_40' title='bbox 502 1003 624 1063; x_wconf 84' lang='lat' dir='ltr'><strong>lantum</strong></span> <span class='ocrx_word' id='word_1_41' title='bbox 651 994 808 1082; x_wconf 80' lang='lat' dir='ltr'><strong>caudam,</strong></span> <span class='ocrx_word' id='word_1_42' title='bbox 831 1016 850 1062; x_wconf 88' lang='lat' dir='ltr'><strong>e</strong></span> <span class='ocrx_word' id='word_1_43' title='bbox 870 997 1027 1082; x_wconf 84' lang='lat' dir='ltr'><strong>proximis</strong></span> <span class='ocrx_word' id='word_1_44' title='bbox 1048 1005 1205 1084; x_wconf 90' lang='lat' dir='ltr'><strong>apparet,</strong></span> <span class='ocrx_word' id='word_1_45' title='bbox 1236 985 1237 990; x_wconf 59' lang='grc'>’</span> 
     </span>
     <span class='ocr_line' id='line_1_7' title="bbox 113 1101 1208 1188; baseline 0.001 -21"><span class='ocrx_word' id='word_1_46' title='bbox 113 1101 159 1167; x_wconf 89' lang='lat' dir='ltr'><strong>ubi</strong></span> <span class='ocrx_word' id='word_1_47' title='bbox 179 1107 227 1167; x_wconf 86' lang='lat' dir='ltr'><strong>est</strong></span> <span class='ocrx_word' id='word_1_48' title='bbox 247 1101 358 1188; x_wconf 84' lang='lat' dir='ltr'><strong>Ipsam</strong></span> <span class='ocrx_word' id='word_1_49' title='bbox 378 1125 473 1188; x_wconf 83' lang='lat' dir='ltr'><strong>seque</strong></span> <span class='ocrx_word' id='word_1_50' title='bbox 493 1113 578 1166; x_wconf 84' lang='lat' dir='ltr'><strong>retro</strong></span> <span class='ocrx_word' id='word_1_51' title='bbox 598 1112 721 1186; x_wconf 83' lang='lat' dir='ltr'><strong>partem</strong></span> <span class='ocrx_word' id='word_1_52' title='bbox 739 1112 845 1186; x_wconf 84' lang='lat' dir='ltr'><strong>petere</strong></span> <span class='ocrx_word' id='word_1_53' title='bbox 866 1123 919 1166; x_wconf 81' lang='lat' dir='ltr'><strong>ore</strong></span> <span class='ocrx_word' id='word_1_54' title='bbox 936 1101 1102 1187; x_wconf 64' lang='lat' dir='ltr'><strong>petorem.</strong></span> <span class='ocrx_word' id='word_1_55' title='bbox 1121 1107 1208 1168; x_wconf 79' lang='lat' dir='ltr'><strong>reule</strong></span> 
     </span>
     <span class='ocr_line' id='line_1_8' title="bbox 114 1201 1207 1291; baseline 0.003 -23"><span class='ocrx_word' id='word_1_56' title='bbox 114 1203 202 1286; x_wconf 76' lang='lat' dir='ltr'><strong>igitur</strong></span> <span class='ocrx_word' id='word_1_57' title='bbox 222 1203 379 1270; x_wconf 77' lang='lat' dir='ltr'><strong>Marullus</strong></span> <span class='ocrx_word' id='word_1_58' title='bbox 402 1201 777 1289; x_wconf 82' lang='lat' dir='ltr'><strong>soripsitSnnrannnu</strong></span> <span class='ocrx_word' id='word_1_59' title='bbox 799 1249 807 1268; x_wconf 93' lang='lat'><strong>.</strong></span> <span class='ocrx_word' id='word_1_60' title='bbox 830 1207 897 1267; x_wconf 78' lang='lat' dir='ltr'><strong>brun</strong></span> <span class='ocrx_word' id='word_1_61' title='bbox 918 1201 1006 1269; x_wconf 85' lang='lat' dir='ltr'><strong>idern</strong></span> <span class='ocrx_word' id='word_1_62' title='bbox 1028 1202 1140 1291; x_wconf 81' lang='lat' dir='ltr'><strong>liupue</strong></span> <span class='ocrx_word' id='word_1_63' title='bbox 1160 1205 1207 1271; x_wconf 83' lang='lat' dir='ltr'><strong>oi-</strong></span> 
     </span>
     <span class='ocr_line' id='line_1_9' title="bbox 113 1305 1206 1394; baseline 0.005 -24"><span class='ocrx_word' id='word_1_64' title='bbox 113 1305 209 1371; x_wconf 78' lang='lat' dir='ltr'><strong>bronte</strong></span> <span class='ocrx_word' id='word_1_65' title='bbox 218 1307 371 1373; x_wconf 72' lang='lat' dir='ltr'><strong>maliacem</strong></span> <span class='ocrx_word' id='word_1_66' title='bbox 378 1345 412 1356; x_wconf 89' lang='lat'>-</span> <span class='ocrx_word' id='word_1_67' title='bbox 424 1320 453 1373; x_wconf 87' lang='lat' dir='ltr'><strong>et</strong></span> <span class='ocrx_word' id='word_1_68' title='bbox 463 1305 584 1372; x_wconf 78' lang='lat' dir='ltr'><strong>caedue</strong></span> <span class='ocrx_word' id='word_1_69' title='bbox 587 1327 723 1394; x_wconf 78' lang='lat' dir='ltr'><strong>protero</strong></span> <span class='ocrx_word' id='word_1_70' title='bbox 734 1327 863 1392; x_wconf 57' lang='lat' dir='ltr'><strong>comere</strong></span> <span class='ocrx_word' id='word_1_71' title='bbox 874 1305 993 1391; x_wconf 85' lang='lat' dir='ltr'><strong>:paulo</strong></span> <span class='ocrx_word' id='word_1_72' title='bbox 1004 1307 1186 1391; x_wconf 78' lang='lat' dir='ltr'><strong>elegantius</strong></span> <span class='ocrx_word' id='word_1_73' title='bbox 1198 1357 1206 1394; x_wconf 94' lang='lat'><strong>,</strong></span> 
     </span>
     <span class='ocr_line' id='line_1_10' title="bbox 113 1405 1207 1496; baseline 0.005 -24"><span class='ocrx_word' id='word_1_74' title='bbox 113 1408 168 1474; x_wconf 87' lang='lat' dir='ltr'><strong>nisi</strong></span> <span class='ocrx_word' id='word_1_75' title='bbox 193 1409 279 1492; x_wconf 88' lang='lat' dir='ltr'><strong>quod</strong></span> <span class='ocrx_word' id='word_1_76' title='bbox 306 1409 468 1496; x_wconf 72' lang='lat' dir='ltr'><strong>Serpentis</strong></span> <span class='ocrx_word' id='word_1_77' title='bbox 496 1409 632 1494; x_wconf 88' lang='lat' dir='ltr'><strong>retinet,</strong></span> <span class='ocrx_word' id='word_1_78' title='bbox 659 1405 881 1473; x_wconf 84' lang='lat' dir='ltr'><strong>Wakefieldus</strong></span> <span class='ocrx_word' id='word_1_79' title='bbox 909 1409 1021 1494; x_wconf 80' lang='lat' dir='ltr'><strong>tiupuo</strong></span> <span class='ocrx_word' id='word_1_80' title='bbox 1045 1411 1207 1496; x_wconf 61' lang='lat' dir='ltr'><strong>abente,</strong></span> 
     </span>
     <span class='ocr_line' id='line_1_11' title="bbox 113 1509 1208 1599; baseline 0.002 -23"><span class='ocrx_word' id='word_1_81' title='bbox 113 1513 238 1576; x_wconf 73' lang='lat' dir='ltr'><strong>uueeet</strong></span> <span class='ocrx_word' id='word_1_82' title='bbox 248 1549 290 1559; x_wconf 93' lang='lat'>—</span> <span class='ocrx_word' id='word_1_83' title='bbox 305 1511 411 1577; x_wconf 79' lang='lat' dir='ltr'><strong>coede</strong></span> <span class='ocrx_word' id='word_1_84' title='bbox 436 1525 465 1578; x_wconf 85' lang='lat' dir='ltr'><strong>et</strong></span> <span class='ocrx_word' id='word_1_85' title='bbox 482 1535 614 1599; x_wconf 74' lang='lat' dir='ltr'><strong>procero</strong></span> <span class='ocrx_word' id='word_1_86' title='bbox 643 1533 773 1596; x_wconf 81' lang='lat' dir='ltr'><strong>eorpore</strong></span> <span class='ocrx_word' id='word_1_87' title='bbox 795 1557 803 1573; x_wconf 92' lang='lat'><strong>.</strong></span> <span class='ocrx_word' id='word_1_88' title='bbox 826 1509 909 1576; x_wconf 87' lang='lat' dir='ltr'><strong>alter</strong></span> <span class='ocrx_word' id='word_1_89' title='bbox 935 1509 1018 1578; x_wconf 85' lang='lat' dir='ltr'><strong>duas</strong></span> <span class='ocrx_word' id='word_1_90' title='bbox 1047 1513 1208 1598; x_wconf 89' lang='lat' dir='ltr'><strong>serpentis</strong></span> 
     </span>
    </p>
   </div>
   <div class='ocr_carea' id='block_1_3' title="bbox 10 1611 1209 1802">
    <p class='ocr_par' dir='ltr' id='par_1_4' title="bbox 10 1611 1209 1802">
     <span class='ocr_line' id='line_1_12' title="bbox 10 1611 1209 1701; baseline 0.002 -21"><span class='ocrx_word' id='word_1_91' title='bbox 10 1676 11 1680; x_wconf 73' lang='grc'>,</span> <span class='ocrx_word' id='word_1_92' title='bbox 113 1621 211 1696; x_wconf 84' lang='lat' dir='ltr'><strong>partes</strong></span> <span class='ocrx_word' id='word_1_93' title='bbox 225 1613 323 1699; x_wconf 82' lang='lat' dir='ltr'><strong>lacit,</strong></span> <span class='ocrx_word' id='word_1_94' title='bbox 340 1614 422 1679; x_wconf 83' lang='lat' dir='ltr'><strong>alter</strong></span> <span class='ocrx_word' id='word_1_95' title='bbox 436 1619 502 1680; x_wconf 85' lang='lat' dir='ltr'><strong>tres</strong></span> <span class='ocrx_word' id='word_1_96' title='bbox 520 1665 527 1682; x_wconf 92' lang='lat'><strong>.</strong></span> <span class='ocrx_word' id='word_1_97' title='bbox 543 1611 644 1680; x_wconf 85' lang='lat' dir='ltr'><strong>nihilo</strong></span> <span class='ocrx_word' id='word_1_98' title='bbox 660 1612 767 1677; x_wconf 90' lang='lat' dir='ltr'><strong>minus</strong></span> <span class='ocrx_word' id='word_1_99' title='bbox 785 1611 813 1678; x_wconf 94' lang='lat' dir='ltr'><strong>is</strong></span> <span class='ocrx_word' id='word_1_100' title='bbox 835 1611 889 1695; x_wconf 92' lang='lat' dir='ltr'><strong>qui</strong></span> <span class='ocrx_word' id='word_1_101' title='bbox 904 1619 970 1678; x_wconf 87' lang='lat' dir='ltr'><strong>tres</strong></span> <span class='ocrx_word' id='word_1_102' title='bbox 985 1611 1082 1701; x_wconf 69' lang='lat' dir='ltr'><strong>faut,</strong></span> <span class='ocrx_word' id='word_1_103' title='bbox 1098 1615 1209 1682; x_wconf 86' lang='lat' dir='ltr'><strong>neseio</strong></span> 
     </span>
     <span class='ocr_line' id='line_1_13' title="bbox 10 1712 1208 1802; baseline 0.003 -22"><span class='ocrx_word' id='word_1_104' title='bbox 10 1713 11 1742; x_wconf 61' lang='lat'><em>&#39;</em></span> <span class='ocrx_word' id='word_1_105' title='bbox 113 1716 263 1798; x_wconf 89' lang='lat' dir='ltr'><strong>quomodo</strong></span> <span class='ocrx_word' id='word_1_106' title='bbox 285 1729 453 1802; x_wconf 78' lang='lat' dir='ltr'><strong>utrumque</strong></span> <span class='ocrx_word' id='word_1_107' title='bbox 474 1715 648 1802; x_wconf 77' lang='lat' dir='ltr'><strong>eeepeute&#39;e,</strong></span> <span class='ocrx_word' id='word_1_108' title='bbox 664 1712 698 1778; x_wconf 88' lang='lat' dir='ltr'><strong>id</strong></span> <span class='ocrx_word' id='word_1_109' title='bbox 714 1720 783 1797; x_wconf 87' lang='lat' dir='ltr'><strong>est,</strong></span> <span class='ocrx_word' id='word_1_110' title='bbox 799 1721 833 1780; x_wconf 86' lang='lat' dir='ltr'><strong>ut</strong></span> <span class='ocrx_word' id='word_1_111' title='bbox 851 1715 913 1800; x_wconf 89' lang='lat' dir='ltr'><strong>ipsi</strong></span> <span class='ocrx_word' id='word_1_112' title='bbox 929 1715 1076 1801; x_wconf 86' lang='lat' dir='ltr'><strong>videtur,</strong></span> <span class='ocrx_word' id='word_1_113' title='bbox 1091 1723 1208 1783; x_wconf 89' lang='lat' dir='ltr'><strong>utram·</strong></span> 
     </span>
    </p>
   </div>
   <div class='ocr_carea' id='block_1_4' title="bbox 114 1815 1207 1904">
    <p class='ocr_par' dir='ltr' id='par_1_5' title="bbox 114 1815 1207 1904">
     <span class='ocr_line' id='line_1_14' title="bbox 114 1815 1207 1904; baseline 0.004 -22"><span class='ocrx_word' id='word_1_114' title='bbox 114 1836 171 1900; x_wconf 87' lang='lat' dir='ltr'><strong>que</strong></span> <span class='ocrx_word' id='word_1_115' title='bbox 189 1817 347 1903; x_wconf 77' lang='lat' dir='ltr'><strong>serpentia</strong></span> <span class='ocrx_word' id='word_1_116' title='bbox 367 1824 492 1903; x_wconf 86' lang='lat' dir='ltr'><strong>partem</strong></span> <span class='ocrx_word' id='word_1_117' title='bbox 515 1815 630 1883; x_wconf 85' lang='lat' dir='ltr'><strong>dioeidl</strong></span> <span class='ocrx_word' id='word_1_118' title='bbox 652 1816 743 1882; x_wconf 83' lang='lat' dir='ltr'><strong>vult:</strong></span> <span class='ocrx_word' id='word_1_119' title='bbox 765 1816 954 1902; x_wconf 88' lang='lat' dir='ltr'><strong>prudentias</strong></span> <span class='ocrx_word' id='word_1_120' title='bbox 976 1819 1005 1884; x_wconf 88' lang='lat' dir='ltr'><strong>is</strong></span> <span class='ocrx_word' id='word_1_121' title='bbox 1027 1820 1083 1904; x_wconf 87' lang='lat' dir='ltr'><strong>qui</strong></span> <span class='ocrx_word' id='word_1_122' title='bbox 1106 1819 1207 1904; x_wconf 85' lang='lat' dir='ltr'><strong>duas,</strong></span> 
     </span>
    </p>
   </div>
   <div class='ocr_carea' id='block_1_5' title="bbox 11 1917 1209 2108">
    <p class='ocr_par' dir='ltr' id='par_1_6' title="bbox 11 1917 1209 2108">
     <span class='ocr_line' id='line_1_15' title="bbox 11 1917 1208 2007; baseline 0.003 -23"><span class='ocrx_word' id='word_1_123' title='bbox 11 1959 12 1974; x_wconf 47' lang='lat' dir='ltr'><strong>r</strong></span> <span class='ocrx_word' id='word_1_124' title='bbox 113 1927 283 2005; x_wconf 83' lang='lat' dir='ltr'><strong>serpentem</strong></span> <span class='ocrx_word' id='word_1_125' title='bbox 298 1921 455 2007; x_wconf 76' lang='lat' dir='ltr'><strong>acriorque</strong></span> <span class='ocrx_word' id='word_1_126' title='bbox 473 1917 507 1984; x_wconf 94' lang='lat' dir='ltr'><strong>in</strong></span> <span class='ocrx_word' id='word_1_127' title='bbox 526 1919 643 1984; x_wconf 87' lang='lat' dir='ltr'><strong>multae</strong></span> <span class='ocrx_word' id='word_1_128' title='bbox 665 1925 773 2004; x_wconf 81' lang='lat' dir='ltr'><strong>partes</strong></span> <span class='ocrx_word' id='word_1_129' title='bbox 789 1919 937 2004; x_wconf 89' lang='lat' dir='ltr'><strong>disoidit,</strong></span> <span class='ocrx_word' id='word_1_130' title='bbox 953 1921 1025 2005; x_wconf 87' lang='lat' dir='ltr'><strong>vel,</strong></span> <span class='ocrx_word' id='word_1_131' title='bbox 1042 1941 1137 2005; x_wconf 87' lang='lat' dir='ltr'><strong>quern</strong></span> <span class='ocrx_word' id='word_1_132' title='bbox 1152 1921 1208 1988; x_wconf 84' lang='lat' dir='ltr'><strong>ad-</strong></span> 
     </span>
     <span class='ocr_line' id='line_1_16' title="bbox 11 2021 1209 2108; baseline 0.004 -23"><span class='ocrx_word' id='word_1_133' title='bbox 11 2077 12 2086; x_wconf 74' lang='grc'>,</span> <span class='ocrx_word' id='word_1_134' title='bbox 114 2021 233 2088; x_wconf 85' lang='lat' dir='ltr'><strong>nodum</strong></span> <span class='ocrx_word' id='word_1_135' title='bbox 262 2025 333 2108; x_wconf 89' lang='lat' dir='ltr'><strong>ipso</strong></span> <span class='ocrx_word' id='word_1_136' title='bbox 359 2041 424 2088; x_wconf 91' lang='lat' dir='ltr'><strong>non</strong></span> <span class='ocrx_word' id='word_1_137' title='bbox 450 2029 536 2088; x_wconf 86' lang='lat' dir='ltr'><strong>reete</strong></span> <span class='ocrx_word' id='word_1_138' title='bbox 564 2021 712 2106; x_wconf 89' lang='lat' dir='ltr'><strong>soripsit‚</strong></span> <span class='ocrx_word' id='word_1_139' title='bbox 739 2021 919 2088; x_wconf 74' lang='lat' dir='ltr'><strong>duetedet.</strong></span> <span class='ocrx_word' id='word_1_140' title='bbox 942 2021 1000 2088; x_wconf 85' lang='lat' dir='ltr'><strong>sed</strong></span> <span class='ocrx_word' id='word_1_141' title='bbox 1021 2043 1126 2107; x_wconf 87' lang='lat' dir='ltr'><strong>nequo</strong></span> <span class='ocrx_word' id='word_1_142' title='bbox 1147 2023 1209 2090; x_wconf 89' lang='lat' dir='ltr'><strong>hoe</strong></span> 
     </span>
    </p>
   </div>
   <div class='ocr_carea' id='block_1_6' title="bbox 59 2123 1223 2415">
    <p class='ocr_par' dir='ltr' id='par_1_7' title="bbox 59 2123 1223 2415">
     <span class='ocr_line' id='line_1_17' title="bbox 59 2123 1209 2213; baseline 0.006 -27"><span class='ocrx_word' id='word_1_143' title='bbox 59 2183 61 2186; x_wconf 83' lang='lat'>.</span> <span class='ocrx_word' id='word_1_144' title='bbox 113 2127 260 2213; x_wconf 81' lang='lat' dir='ltr'><strong>utrimque</strong></span> <span class='ocrx_word' id='word_1_145' title='bbox 282 2125 362 2191; x_wconf 86' lang='lat' dir='ltr'><strong>satis</strong></span> <span class='ocrx_word' id='word_1_146' title='bbox 385 2124 539 2209; x_wconf 87' lang='lat' dir='ltr'><strong>ponderis</strong></span> <span class='ocrx_word' id='word_1_147' title='bbox 560 2123 677 2209; x_wconf 86' lang='lat' dir='ltr'><strong>babet,</strong></span> <span class='ocrx_word' id='word_1_148' title='bbox 702 2131 734 2190; x_wconf 91' lang='lat' dir='ltr'><strong>et</strong></span> <span class='ocrx_word' id='word_1_149' title='bbox 759 2124 844 2190; x_wconf 85' lang='lat' dir='ltr'><strong>inere</strong></span> <span class='ocrx_word' id='word_1_150' title='bbox 872 2129 970 2209; x_wconf 87' lang='lat' dir='ltr'><strong>atque</strong></span> <span class='ocrx_word' id='word_1_151' title='bbox 997 2125 1139 2212; x_wconf 88' lang='lat' dir='ltr'><strong>ineptum</strong></span> <span class='ocrx_word' id='word_1_152' title='bbox 1162 2127 1209 2193; x_wconf 89' lang='lat' dir='ltr'><strong>di·</strong></span> 
     </span>
     <span class='ocr_line' id='line_1_18' title="bbox 115 2225 1223 2318; baseline 0.004 -26"><span class='ocrx_word' id='word_1_153' title='bbox 115 2227 200 2293; x_wconf 86' lang='lat' dir='ltr'><strong>uendi</strong></span> <span class='ocrx_word' id='word_1_154' title='bbox 222 2246 327 2310; x_wconf 79' lang='lat' dir='ltr'><strong>genus</strong></span> <span class='ocrx_word' id='word_1_155' title='bbox 347 2225 409 2293; x_wconf 85' lang='lat' dir='ltr'><strong>boe</strong></span> <span class='ocrx_word' id='word_1_156' title='bbox 430 2233 499 2313; x_wconf 86' lang='lat' dir='ltr'><strong>ost,</strong></span> <span class='ocrx_word' id='word_1_157' title='bbox 522 2245 586 2311; x_wconf 89' lang='lat' dir='ltr'><strong>quo</strong></span> <span class='ocrx_word' id='word_1_158' title='bbox 609 2245 650 2292; x_wconf 89' lang='lat' dir='ltr'><strong>ex</strong></span> <span class='ocrx_word' id='word_1_159' title='bbox 671 2243 806 2312; x_wconf 84' lang='lat' dir='ltr'><strong>proeera</strong></span> <span class='ocrx_word' id='word_1_160' title='bbox 828 2227 933 2293; x_wconf 64' lang='lat' dir='ltr'><strong>wuda</strong></span> <span class='ocrx_word' id='word_1_161' title='bbox 953 2225 989 2293; x_wconf 89' lang='lat' dir='ltr'><strong>fit</strong></span> <span class='ocrx_word' id='word_1_162' title='bbox 1009 2251 1123 2316; x_wconf 77' lang='lat' dir='ltr'><strong>eorpue</strong></span> <span class='ocrx_word' id='word_1_163' title='bbox 1134 2253 1223 2318; x_wconf 71' lang='lat' dir='ltr'><strong>pre,</strong></span> 
     </span>
     <span class='ocr_line' id='line_1_19' title="bbox 114 2328 1209 2415; baseline 0.005 -21"><span class='ocrx_word' id='word_1_164' title='bbox 114 2353 210 2396; x_wconf 83' lang='lat' dir='ltr'><strong>oerum</strong></span> <span class='ocrx_word' id='word_1_165' title='bbox 224 2329 367 2396; x_wconf 76' lang='lat' dir='ltr'><strong>caudae.</strong></span> <span class='ocrx_word' id='word_1_166' title='bbox 382 2336 503 2414; x_wconf 80' lang='lat' dir='ltr'><strong>quanto</strong></span> <span class='ocrx_word' id='word_1_167' title='bbox 515 2329 632 2396; x_wconf 78' lang='lat' dir='ltr'><strong>sautius</strong></span> <span class='ocrx_word' id='word_1_168' title='bbox 644 2333 715 2395; x_wconf 81' lang='lat' dir='ltr'><strong>erat</strong></span> <span class='ocrx_word' id='word_1_169' title='bbox 725 2328 806 2393; x_wconf 88' lang='lat' dir='ltr'><strong>illud</strong></span> <span class='ocrx_word' id='word_1_170' title='bbox 817 2328 957 2412; x_wconf 77' lang='lat' dir='ltr'><strong>caudae,</strong></span> <span class='ocrx_word' id='word_1_171' title='bbox 973 2349 1014 2396; x_wconf 80' lang='lat' dir='ltr'><strong>ux</strong></span> <span class='ocrx_word' id='word_1_172' title='bbox 1029 2350 1093 2415; x_wconf 90' lang='lat' dir='ltr'><strong>quo</strong></span> <span class='ocrx_word' id='word_1_173' title='bbox 1108 2331 1209 2400; x_wconf 80' lang='lat' dir='ltr'><strong>caede</strong></span> 
     </span>
    </p>
   </div>
   <div class='ocr_carea' id='block_1_7' title="bbox 13 2429 1211 2524">
    <p class='ocr_par' dir='ltr' id='par_1_8' title="bbox 13 2429 1211 2524">
     <span class='ocr_line' id='line_1_20' title="bbox 13 2429 1211 2524; baseline 0.004 -28"><span class='ocrx_word' id='word_1_174' title='bbox 13 2521 14 2524; x_wconf 8' lang='grc' dir='ltr'><strong>Ἴ</strong></span> <span class='ocrx_word' id='word_1_175' title='bbox 114 2431 223 2499; x_wconf 80' lang='lat' dir='ltr'><strong>laetum</strong></span> <span class='ocrx_word' id='word_1_176' title='bbox 246 2452 319 2500; x_wconf 82' lang='lat' dir='ltr'><strong>oeae</strong></span> <span class='ocrx_word' id='word_1_177' title='bbox 339 2439 447 2518; x_wconf 87' lang='lat' dir='ltr'><strong>patet,</strong></span> <span class='ocrx_word' id='word_1_178' title='bbox 464 2432 613 2500; x_wconf 86' lang='lat' dir='ltr'><strong>diiunatis</strong></span> <span class='ocrx_word' id='word_1_179' title='bbox 629 2429 744 2497; x_wconf 86' lang='lat' dir='ltr'><strong>litteris</strong></span> <span class='ocrx_word' id='word_1_180' title='bbox 759 2431 868 2514; x_wconf 80' lang='lat' dir='ltr'><strong>legere</strong></span> <span class='ocrx_word' id='word_1_181' title='bbox 890 2431 997 2498; x_wconf 82' lang='lat' dir='ltr'><strong>eunde</strong></span> <span class='ocrx_word' id='word_1_182' title='bbox 1018 2434 1059 2500; x_wconf 84' lang='lat' dir='ltr'><strong>e!</strong></span> <span class='ocrx_word' id='word_1_183' title='bbox 1079 2435 1211 2521; x_wconf 81' lang='lat' dir='ltr'><strong>scripsit</strong></span> 
     </span>
    </p>
   </div>
   <div class='ocr_carea' id='block_1_8' title="bbox 114 2533 1213 3336">
    <p class='ocr_par' dir='ltr' id='par_1_9' title="bbox 114 2533 1212 3216">
     <span class='ocr_line' id='line_1_21' title="bbox 114 2533 1211 2624; baseline 0.004 -23"><span class='ocrx_word' id='word_1_184' title='bbox 114 2542 202 2619; x_wconf 79' lang='lat' dir='ltr'><strong>poeta</strong></span> <span class='ocrx_word' id='word_1_185' title='bbox 221 2537 335 2622; x_wconf 77' lang='lat' dir='ltr'><strong>le&#39;opuu</strong></span> <span class='ocrx_word' id='word_1_186' title='bbox 355 2535 498 2601; x_wconf 75' lang='lat' dir='ltr'><strong>vibreme</strong></span> <span class='ocrx_word' id='word_1_187' title='bbox 518 2555 676 2598; x_wconf 81' lang='lat' dir='ltr'><strong>urossnr</strong></span> <span class='ocrx_word' id='word_1_188' title='bbox 691 2533 869 2620; x_wconf 74' lang='lat' dir='ltr'><strong>Serpentem</strong></span> <span class='ocrx_word' id='word_1_189' title='bbox 892 2555 1018 2599; x_wconf 78' lang='lat' dir='ltr'><strong>onuba</strong></span> <span class='ocrx_word' id='word_1_190' title='bbox 1039 2555 1059 2599; x_wconf 85' lang='lat' dir='ltr'><strong>n</strong></span> <span class='ocrx_word' id='word_1_191' title='bbox 1079 2561 1211 2624; x_wconf 75' lang='lat' dir='ltr'><strong>protero</strong></span> 
     </span>
     <span class='ocr_line' id='line_1_22' title="bbox 114 2633 1210 2725; baseline 0.004 -23"><span class='ocrx_word' id='word_1_192' title='bbox 114 2661 234 2725; x_wconf 82' lang='lat' dir='ltr'><strong>empore</strong></span> <span class='ocrx_word' id='word_1_193' title='bbox 256 2656 561 2708; x_wconf 63' lang='lat' dir='ltr'><strong>ornumornum</strong></span> <span class='ocrx_word' id='word_1_194' title='bbox 583 2637 741 2724; x_wconf 78' lang='lat' dir='ltr'><strong>utrimque</strong></span> <span class='ocrx_word' id='word_1_195' title='bbox 755 2633 884 2701; x_wconf 83' lang='lat' dir='ltr'><strong>Marulli</strong></span> <span class='ocrx_word' id='word_1_196' title='bbox 904 2655 984 2703; x_wconf 88' lang='lat' dir='ltr'><strong>sane</strong></span> <span class='ocrx_word' id='word_1_197' title='bbox 1006 2639 1210 2722; x_wconf 90' lang='lat' dir='ltr'><strong>probandum</strong></span> 
     </span>
     <span class='ocr_line' id='line_1_23' title="bbox 115 2737 1211 2827; baseline 0.005 -23"><span class='ocrx_word' id='word_1_198' title='bbox 115 2745 177 2804; x_wconf 83' lang='lat' dir='ltr'><strong>est:</strong></span> <span class='ocrx_word' id='word_1_199' title='bbox 192 2739 351 2822; x_wconf 83' lang='lat' dir='ltr'><strong>utriunque</strong></span> <span class='ocrx_word' id='word_1_200' title='bbox 373 2757 392 2804; x_wconf 85' lang='lat' dir='ltr'><strong>e</strong></span> <span class='ocrx_word' id='word_1_201' title='bbox 411 2759 545 2824; x_wconf 85' lang='lat' dir='ltr'><strong>proeero</strong></span> <span class='ocrx_word' id='word_1_202' title='bbox 568 2757 721 2824; x_wconf 76' lang='lat' dir='ltr'><strong>corpore,</strong></span> <span class='ocrx_word' id='word_1_203' title='bbox 737 2737 771 2802; x_wconf 91' lang='lat' dir='ltr'><strong>id</strong></span> <span class='ocrx_word' id='word_1_204' title='bbox 795 2743 843 2804; x_wconf 84' lang='lat' dir='ltr'><strong>ost</strong></span> <span class='ocrx_word' id='word_1_205' title='bbox 865 2755 905 2802; x_wconf 86' lang='lat' dir='ltr'><strong>ex</strong></span> <span class='ocrx_word' id='word_1_206' title='bbox 927 2745 1064 2823; x_wconf 87' lang='lat' dir='ltr'><strong>utraque</strong></span> <span class='ocrx_word' id='word_1_207' title='bbox 1083 2743 1211 2827; x_wconf 88' lang='lat' dir='ltr'><strong>proeeri</strong></span> 
     </span>
     <span class='ocr_line' id='line_1_24' title="bbox 116 2838 1210 2929; baseline 0.004 -23"><span class='ocrx_word' id='word_1_208' title='bbox 116 2843 250 2927; x_wconf 88' lang='lat' dir='ltr'><strong>eorporis</strong></span> <span class='ocrx_word' id='word_1_209' title='bbox 273 2846 385 2926; x_wconf 85' lang='lat' dir='ltr'><strong>parte,</strong></span> <span class='ocrx_word' id='word_1_210' title='bbox 401 2841 514 2925; x_wconf 82' lang='lat' dir='ltr'><strong>lingua</strong></span> <span class='ocrx_word' id='word_1_211' title='bbox 527 2841 655 2924; x_wconf 82' lang='lat' dir='ltr'><strong>vibrat,</strong></span> <span class='ocrx_word' id='word_1_212' title='bbox 672 2841 768 2906; x_wconf 84' lang='lat' dir='ltr'><strong>micat</strong></span> <span class='ocrx_word' id='word_1_213' title='bbox 789 2838 894 2905; x_wconf 87' lang='lat' dir='ltr'><strong>oauda</strong></span> <span class='ocrx_word' id='word_1_214' title='bbox 909 2889 917 2904; x_wconf 91' lang='lat'><strong>.</strong></span> <span class='ocrx_word' id='word_1_215' title='bbox 931 2843 1027 2906; x_wconf 81' lang='lat' dir='ltr'><strong>me&#39;eut</strong></span> <span class='ocrx_word' id='word_1_216' title='bbox 1036 2891 1045 2926; x_wconf 94' lang='lat'><strong>,</strong></span> <span class='ocrx_word' id='word_1_217' title='bbox 1062 2843 1210 2929; x_wconf 88' lang='lat' dir='ltr'><strong>inquam,</strong></span> 
     </span>
     <span class='ocr_line' id='line_1_25' title="bbox 115 2940 1210 3028; baseline 0.007 -22"><span class='ocrx_word' id='word_1_218' title='bbox 115 2963 172 3008; x_wconf 93' lang='lat' dir='ltr'><strong>non</strong></span> <span class='ocrx_word' id='word_1_219' title='bbox 186 2946 324 3009; x_wconf 65' lang='lat' dir='ltr'><strong>minuetur</strong></span> <span class='ocrx_word' id='word_1_220' title='bbox 337 2967 347 3007; x_wconf 93' lang='lat'><strong>.·</strong></span> <span class='ocrx_word' id='word_1_221' title='bbox 361 2941 422 3007; x_wconf 87' lang='lat' dir='ltr'><strong>hoa</strong></span> <span class='ocrx_word' id='word_1_222' title='bbox 437 2944 521 3008; x_wconf 89' lang='lat' dir='ltr'><strong>enim</strong></span> <span class='ocrx_word' id='word_1_223' title='bbox 536 2945 649 3027; x_wconf 81' lang='lat' dir='ltr'><strong>lingua</strong></span> <span class='ocrx_word' id='word_1_224' title='bbox 659 2943 759 3008; x_wconf 86' lang='lat' dir='ltr'><strong>multo</strong></span> <span class='ocrx_word' id='word_1_225' title='bbox 772 2943 876 3025; x_wconf 80' lang='lat' dir='ltr'><strong>magis</strong></span> <span class='ocrx_word' id='word_1_226' title='bbox 889 2940 966 3008; x_wconf 87' lang='lat' dir='ltr'><strong>lauit</strong></span> <span class='ocrx_word' id='word_1_227' title='bbox 976 2963 1073 3028; x_wconf 88' lang='lat' dir='ltr'><strong>quam</strong></span> <span class='ocrx_word' id='word_1_228' title='bbox 1085 2947 1210 3028; x_wconf 84' lang='lat' dir='ltr'><strong>cauda,</strong></span> 
     </span>
     <span class='ocr_line' id='line_1_26' title="bbox 115 3043 1212 3133; baseline 0.002 -21"><span class='ocrx_word' id='word_1_229' title='bbox 115 3045 251 3112; x_wconf 71' lang='lat' dir='ltr'><strong>meandi</strong></span> <span class='ocrx_word' id='word_1_230' title='bbox 268 3051 376 3111; x_wconf 86' lang='lat' dir='ltr'><strong>autern</strong></span> <span class='ocrx_word' id='word_1_231' title='bbox 397 3045 529 3113; x_wconf 82' lang='lat' dir='ltr'><strong>verbum</strong></span> <span class='ocrx_word' id='word_1_232' title='bbox 551 3045 683 3128; x_wconf 82' lang='lat' dir='ltr'><strong>linguae</strong></span> <span class='ocrx_word' id='word_1_233' title='bbox 704 3052 737 3112; x_wconf 89' lang='lat' dir='ltr'><strong>et</strong></span> <span class='ocrx_word' id='word_1_234' title='bbox 758 3043 883 3111; x_wconf 84' lang='lat' dir='ltr'><strong>caudae</strong></span> <span class='ocrx_word' id='word_1_235' title='bbox 909 3047 1069 3131; x_wconf 85' lang='lat' dir='ltr'><strong>serpentis</strong></span> <span class='ocrx_word' id='word_1_236' title='bbox 1091 3049 1212 3133; x_wconf 89' lang='lat' dir='ltr'><strong>pariter</strong></span> 
     </span>
     <span class='ocr_line' id='line_1_27' title="bbox 116 3147 277 3216; baseline 0.025 -4"><span class='ocrx_word' id='word_1_237' title='bbox 116 3147 255 3214; x_wconf 77' lang='lat' dir='ltr'><strong>convenit</strong></span> <span class='ocrx_word' id='word_1_238' title='bbox 269 3199 277 3216; x_wconf 92' lang='lat'><strong>.</strong></span> 
     </span>
    </p>

    <p class='ocr_par' dir='ltr' id='par_1_10' title="bbox 194 3249 1213 3336">
     <span class='ocr_line' id='line_1_28' title="bbox 194 3249 1213 3336; baseline -0.001 -19"><span class='ocrx_word' id='word_1_239' title='bbox 194 3251 264 3317; x_wconf 84' lang='lat'><strong>662.</strong></span> <span class='ocrx_word' id='word_1_240' title='bbox 286 3249 401 3315; x_wconf 77' lang='lat' dir='ltr'><strong>lasau</strong></span> <span class='ocrx_word' id='word_1_241' title='bbox 425 3269 594 3320; x_wconf 85' lang='lat' dir='ltr'><strong>saounas</strong></span> <span class='ocrx_word' id='word_1_242' title='bbox 614 3267 736 3313; x_wconf 82' lang='lat' dir='ltr'><strong>annno</strong></span> <span class='ocrx_word' id='word_1_243' title='bbox 752 3299 761 3316; x_wconf 90' lang='lat'><strong>.</strong></span> <span class='ocrx_word' id='word_1_244' title='bbox 776 3249 928 3336; x_wconf 82' lang='lat' dir='ltr'><strong>Impressi</strong></span> <span class='ocrx_word' id='word_1_245' title='bbox 950 3269 1022 3316; x_wconf 87' lang='lat' dir='ltr'><strong>oum</strong></span> <span class='ocrx_word' id='word_1_246' title='bbox 1039 3251 1130 3318; x_wconf 85' lang='lat' dir='ltr'><strong>Italis</strong></span> <span class='ocrx_word' id='word_1_247' title='bbox 1152 3273 1213 3316; x_wconf 86' lang='lat' dir='ltr'><strong>er.-</strong></span> 
     </span>
    </p>
   </div>
   <div class='ocr_carea' id='block_1_9' title="bbox 10 3367 311 3436">
    <p class='ocr_par' dir='ltr' id='par_1_11' title="bbox 10 3367 311 3436">
     <span class='ocr_line' id='line_1_29' title="bbox 10 3367 311 3436; baseline -0.013 -16"><span class='ocrx_word' id='word_1_248' title='bbox 10 3420 11 3436; x_wconf 61' lang='lat'><strong>,</strong></span> <span class='ocrx_word' id='word_1_249' title='bbox 119 3370 186 3420; x_wconf 78' lang='lat' dir='ltr'><strong>Qus</strong></span> <span class='ocrx_word' id='word_1_250' title='bbox 206 3367 311 3420; x_wconf 82' lang='lat' dir='ltr'><strong>retra.</strong></span> 
     </span>
    </p>
   </div>
   <div class='ocr_carea' id='block_1_10' title="bbox 120 3455 1216 3643">
    <p class='ocr_par' dir='ltr' id='par_1_12' title="bbox 120 3455 1216 3643">
     <span class='ocr_line' id='line_1_30' title="bbox 194 3455 1213 3543; baseline 0.001 -21"><span class='ocrx_word' id='word_1_251' title='bbox 194 3455 264 3524; x_wconf 84' lang='grc'><strong>663.</strong></span> <span class='ocrx_word' id='word_1_252' title='bbox 287 3456 480 3522; x_wconf 80' lang='lat' dir='ltr'><strong>Vonsnnrs</strong></span> <span class='ocrx_word' id='word_1_253' title='bbox 503 3477 693 3538; x_wconf 77' lang='lat' dir='ltr'><strong>sennenn,</strong></span> <span class='ocrx_word' id='word_1_254' title='bbox 714 3475 762 3520; x_wconf 88' lang='lat' dir='ltr'><strong>ur</strong></span> <span class='ocrx_word' id='word_1_255' title='bbox 783 3474 1077 3522; x_wconf 77' lang='lat' dir='ltr'><strong>nonsusnnuar</strong></span> <span class='ocrx_word' id='word_1_256' title='bbox 1099 3505 1107 3543; x_wconf 91' lang='lat'><strong>,</strong></span> <span class='ocrx_word' id='word_1_257' title='bbox 1127 3479 1213 3522; x_wconf 81' lang='lat' dir='ltr'><strong>rora</strong></span> 
     </span>
     <span class='ocr_line' id='line_1_31' title="bbox 120 3557 1216 3643; baseline 0.01 -26"><span class='ocrx_word' id='word_1_258' title='bbox 120 3575 255 3622; x_wconf 82' lang='lat' dir='ltr'><strong>nonons</strong></span> <span class='ocrx_word' id='word_1_259' title='bbox 278 3607 286 3622; x_wconf 93' lang='lat'><strong>.</strong></span> <span class='ocrx_word' id='word_1_260' title='bbox 309 3560 361 3624; x_wconf 85' lang='lat' dir='ltr'><strong>Ita</strong></span> <span class='ocrx_word' id='word_1_261' title='bbox 377 3559 467 3625; x_wconf 84' lang='lat' dir='ltr'><strong>baee</strong></span> <span class='ocrx_word' id='word_1_262' title='bbox 488 3557 708 3624; x_wconf 86' lang='lat' dir='ltr'><strong>Wakefieldus</strong></span> <span class='ocrx_word' id='word_1_263' title='bbox 735 3557 902 3642; x_wconf 85' lang='lat' dir='ltr'><strong>distinxit,</strong></span> <span class='ocrx_word' id='word_1_264' title='bbox 932 3577 993 3641; x_wconf 82' lang='lat' dir='ltr'><strong>ogo</strong></span> <span class='ocrx_word' id='word_1_265' title='bbox 1020 3579 1124 3643; x_wconf 88' lang='lat' dir='ltr'><strong>neque</strong></span> <span class='ocrx_word' id='word_1_266' title='bbox 1151 3561 1216 3628; x_wconf 83' lang='lat' dir='ltr'><strong>dis·</strong></span> 
     </span>
    </p>
   </div>
   <div class='ocr_carea' id='block_1_11' title="bbox 9 3657 1215 3850">
    <p class='ocr_par' dir='ltr' id='par_1_13' title="bbox 9 3657 1215 3850">
     <span class='ocr_line' id='line_1_32' title="bbox 9 3657 1215 3745; baseline 0.008 -24"><span class='ocrx_word' id='word_1_267' title='bbox 9 3675 11 3734; x_wconf 48' lang='lat' dir='ltr'><strong>a</strong></span> <span class='ocrx_word' id='word_1_268' title='bbox 120 3657 209 3726; x_wconf 85' lang='lat' dir='ltr'><strong>tineta</strong></span> <span class='ocrx_word' id='word_1_269' title='bbox 229 3680 333 3744; x_wconf 86' lang='lat' dir='ltr'><strong>neque</strong></span> <span class='ocrx_word' id='word_1_270' title='bbox 354 3661 542 3726; x_wconf 76' lang='lat' dir='ltr'><strong>indistinete</strong></span> <span class='ocrx_word' id='word_1_271' title='bbox 562 3661 740 3745; x_wconf 83' lang='lat' dir='ltr'><strong>intellego:</strong></span> <span class='ocrx_word' id='word_1_272' title='bbox 760 3679 882 3744; x_wconf 89' lang='lat' dir='ltr'><strong>quaero</strong></span> <span class='ocrx_word' id='word_1_273' title='bbox 905 3662 1011 3745; x_wconf 85' lang='lat' dir='ltr'><strong>eninr,</strong></span> <span class='ocrx_word' id='word_1_274' title='bbox 1033 3660 1112 3745; x_wconf 85' lang='lat' dir='ltr'><strong>quid</strong></span> <span class='ocrx_word' id='word_1_275' title='bbox 1133 3663 1215 3730; x_wconf 89' lang='lat' dir='ltr'><strong>illud</strong></span> 
     </span>
     <span class='ocr_line' id='line_1_33' title="bbox 9 3759 1215 3850; baseline 0.009 -28"><span class='ocrx_word' id='word_1_276' title='bbox 9 3773 11 3814; x_wconf 72' lang='lat'><em>³</em></span> <span class='ocrx_word' id='word_1_277' title='bbox 121 3759 157 3826; x_wconf 85' lang='lat' dir='ltr'><strong>sit</strong></span> <span class='ocrx_word' id='word_1_278' title='bbox 175 3762 259 3847; x_wconf 87' lang='lat' dir='ltr'><strong>quod</strong></span> <span class='ocrx_word' id='word_1_279' title='bbox 277 3777 444 3850; x_wconf 68' lang='lat' dir='ltr'><strong>prunetae</strong></span> <span class='ocrx_word' id='word_1_280' title='bbox 460 3811 468 3828; x_wconf 89' lang='lat'><strong>.</strong></span> <span class='ocrx_word' id='word_1_281' title='bbox 484 3761 688 3828; x_wconf 82' lang='lat' dir='ltr'><strong>seribendum</strong></span> <span class='ocrx_word' id='word_1_282' title='bbox 710 3771 759 3830; x_wconf 88' lang='lat' dir='ltr'><strong>est</strong></span> <span class='ocrx_word' id='word_1_283' title='bbox 780 3783 980 3849; x_wconf 82' lang='lat' dir='ltr'><strong>nononaa,</strong></span> <span class='ocrx_word' id='word_1_284' title='bbox 1003 3764 1069 3850; x_wconf 90' lang='lat' dir='ltr'><strong>ita,</strong></span> <span class='ocrx_word' id='word_1_285' title='bbox 1092 3779 1128 3832; x_wconf 80' lang='lat' dir='ltr'><strong>ut</strong></span> <span class='ocrx_word' id='word_1_286' title='bbox 1147 3767 1215 3833; x_wconf 84' lang='lat' dir='ltr'><strong>vul·</strong></span> 
     </span>
    </p>
   </div>
   <div class='ocr_carea' id='block_1_12' title="bbox 120 3863 1261 4570">
    <p class='ocr_par' dir='ltr' id='par_1_14' title="bbox 120 3863 796 3952">
     <span class='ocr_line' id='line_1_34' title="bbox 120 3863 796 3952; baseline 0.004 -22"><span class='ocrx_word' id='word_1_287' title='bbox 120 3866 197 3930; x_wconf 70' lang='lat' dir='ltr'><strong>anau</strong></span> <span class='ocrx_word' id='word_1_288' title='bbox 218 3865 356 3932; x_wconf 69' lang='lat' dir='ltr'><strong>dolorm</strong></span> <span class='ocrx_word' id='word_1_289' title='bbox 375 3863 649 3952; x_wconf 31' lang='lat' dir='ltr'><strong>prenaotssordeata&#39;</strong></span> <span class='ocrx_word' id='word_1_290' title='bbox 666 3889 796 3933; x_wconf 83' lang='lat' dir='ltr'><strong>morou.</strong></span> 
     </span>
    </p>

    <p class='ocr_par' dir='ltr' id='par_1_15' title="bbox 122 3966 1261 4239">
     <span class='ocr_line' id='line_1_35' title="bbox 195 3966 1217 4056; baseline 0.005 -22"><span class='ocrx_word' id='word_1_291' title='bbox 195 3967 266 4034; x_wconf 81' lang='grc'><strong>666.</strong></span> <span class='ocrx_word' id='word_1_292' title='bbox 296 3967 529 4032; x_wconf 82' lang='lat' dir='ltr'><strong>Pannronnrs</strong></span> <span class='ocrx_word' id='word_1_293' title='bbox 555 3987 692 4032; x_wconf 81' lang='lat' dir='ltr'><strong>annuas</strong></span> <span class='ocrx_word' id='word_1_294' title='bbox 718 3988 857 4033; x_wconf 80' lang='lat' dir='ltr'><strong>annuas</strong></span> <span class='ocrx_word' id='word_1_295' title='bbox 882 4017 889 4033; x_wconf 94' lang='lat'><strong>.</strong></span> <span class='ocrx_word' id='word_1_296' title='bbox 917 3966 1086 4052; x_wconf 78' lang='lat' dir='ltr'><strong>oblongus</strong></span> <span class='ocrx_word' id='word_1_297' title='bbox 1112 3973 1217 4056; x_wconf 84' lang='lat' dir='ltr'><strong>prima</strong></span> 
     </span>
     <span class='ocr_line' id='line_1_36' title="bbox 122 4062 1261 4158; baseline 0.009 -26"><span class='ocrx_word' id='word_1_298' title='bbox 122 4081 209 4134; x_wconf 89' lang='lat' dir='ltr'><strong>nana</strong></span> <span class='ocrx_word' id='word_1_299' title='bbox 230 4069 442 4136; x_wconf 76' lang='lat' dir='ltr'><strong>Parabolos.</strong></span> <span class='ocrx_word' id='word_1_300' title='bbox 465 4068 608 4136; x_wconf 83' lang='lat' dir='ltr'><strong>eiusdem</strong></span> <span class='ocrx_word' id='word_1_301' title='bbox 630 4075 789 4137; x_wconf 87' lang='lat' dir='ltr'><strong>oorreotor</strong></span> <span class='ocrx_word' id='word_1_302' title='bbox 809 4089 922 4137; x_wconf 87' lang='lat' dir='ltr'><strong>vooom</strong></span> <span class='ocrx_word' id='word_1_303' title='bbox 943 4072 1029 4138; x_wconf 87' lang='lat' dir='ltr'><strong>malo</strong></span> <span class='ocrx_word' id='word_1_304' title='bbox 1049 4075 1217 4158; x_wconf 85' lang='lat' dir='ltr'><strong>repetitam</strong></span> <span class='ocrx_word' id='word_1_305' title='bbox 1251 4062 1261 4080; x_wconf 85' lang='lat'>&#39;</span> 
     </span>
     <span class='ocr_line' id='line_1_37' title="bbox 122 4166 1026 4239; baseline 0.01 -7"><span class='ocrx_word' id='word_1_306' title='bbox 122 4166 266 4239; x_wconf 82' lang='lat' dir='ltr'><strong>delerit.·</strong></span> <span class='ocrx_word' id='word_1_307' title='bbox 1024 4169 1026 4177; x_wconf 77' lang='grc'>’</span> 
     </span>
    </p>

    <p class='ocr_par' dir='ltr' id='par_1_16' title="bbox 122 4275 1217 4466">
     <span class='ocr_line' id='line_1_38' title="bbox 196 4275 1217 4360; baseline 0.002 -18"><span class='ocrx_word' id='word_1_308' title='bbox 196 4275 269 4342; x_wconf 77' lang='grc'><strong>674.</strong></span> <span class='ocrx_word' id='word_1_309' title='bbox 296 4295 419 4339; x_wconf 79' lang='lat' dir='ltr'><strong>rasso</strong></span> <span class='ocrx_word' id='word_1_310' title='bbox 446 4295 565 4339; x_wconf 78' lang='lat' dir='ltr'><strong>onaan</strong></span> <span class='ocrx_word' id='word_1_311' title='bbox 592 4295 743 4340; x_wconf 80' lang='lat' dir='ltr'><strong>aurursn</strong></span> <span class='ocrx_word' id='word_1_312' title='bbox 761 4323 769 4342; x_wconf 89' lang='lat'><strong>.</strong></span> <span class='ocrx_word' id='word_1_313' title='bbox 790 4278 862 4344; x_wconf 87' lang='grc'><strong>680.</strong></span> <span class='ocrx_word' id='word_1_314' title='bbox 886 4295 1018 4341; x_wconf 81' lang='lat' dir='ltr'><strong>sonrra</strong></span> <span class='ocrx_word' id='word_1_315' title='bbox 1039 4298 1217 4360; x_wconf 78' lang='lat' dir='ltr'><strong>ausurae.</strong></span> 
     </span>
     <span class='ocr_line' id='line_1_39' title="bbox 122 4369 1083 4466; baseline 0.01 -28"><span class='ocrx_word' id='word_1_316' title='bbox 122 4369 267 4445; x_wconf 76' lang='lat' dir='ltr'><strong>Marullus</strong></span> <span class='ocrx_word' id='word_1_317' title='bbox 290 4391 450 4466; x_wconf 74' lang='lat' dir='ltr'><strong>tantopere</strong></span> <span class='ocrx_word' id='word_1_318' title='bbox 471 4397 538 4442; x_wconf 85' lang='lat' dir='ltr'><strong>ner</strong></span> <span class='ocrx_word' id='word_1_319' title='bbox 559 4379 680 4464; x_wconf 65' lang='lat' dir='ltr'><strong>aestui,</strong></span> <span class='ocrx_word' id='word_1_320' title='bbox 704 4385 736 4446; x_wconf 86' lang='lat' dir='ltr'><strong>et</strong></span> <span class='ocrx_word' id='word_1_321' title='bbox 756 4381 851 4445; x_wconf 79' lang='lat' dir='ltr'><strong>solito</strong></span> <span class='ocrx_word' id='word_1_322' title='bbox 870 4399 937 4442; x_wconf 83' lang='lat' dir='ltr'><strong>aen</strong></span> <span class='ocrx_word' id='word_1_323' title='bbox 959 4375 1083 4448; x_wconf 72' lang='lat' dir='ltr'><strong>durlui.</strong></span> 
     </span>
    </p>

    <p class='ocr_par' dir='ltr' id='par_1_17' title="bbox 197 4480 1219 4570">
     <span class='ocr_line' id='line_1_40' title="bbox 197 4480 1219 4570; baseline 0.007 -24"><span class='ocrx_word' id='word_1_324' title='bbox 197 4480 269 4546; x_wconf 82' lang='grc'><strong>676.</strong></span> <span class='ocrx_word' id='word_1_325' title='bbox 286 4501 326 4544; x_wconf 88' lang='lat' dir='ltr'><strong>rn</strong></span> <span class='ocrx_word' id='word_1_326' title='bbox 341 4501 387 4545; x_wconf 81' lang='lat' dir='ltr'><strong>us</strong></span> <span class='ocrx_word' id='word_1_327' title='bbox 401 4501 496 4544; x_wconf 83' lang='lat' dir='ltr'><strong>nano</strong></span> <span class='ocrx_word' id='word_1_328' title='bbox 512 4499 578 4544; x_wconf 85' lang='lat' dir='ltr'><strong>nau</strong></span> <span class='ocrx_word' id='word_1_329' title='bbox 592 4501 754 4546; x_wconf 82' lang='lat' dir='ltr'><strong>nonanus</strong></span> <span class='ocrx_word' id='word_1_330' title='bbox 769 4503 889 4570; x_wconf 69' lang='lat' dir='ltr'><strong>sanan</strong></span> <span class='ocrx_word' id='word_1_331' title='bbox 906 4531 914 4548; x_wconf 93' lang='lat'><em>.</em></span> <span class='ocrx_word' id='word_1_332' title='bbox 931 4481 1094 4550; x_wconf 80' lang='lat' dir='ltr'><strong>charisius</strong></span> <span class='ocrx_word' id='word_1_333' title='bbox 1113 4503 1144 4568; x_wconf 91' lang='lat' dir='ltr'><strong>p.</strong></span> <span class='ocrx_word' id='word_1_334' title='bbox 1159 4483 1219 4553; x_wconf 84' lang='lat'><strong>183</strong></span> 
     </span>
    </p>
   </div>
   <div class='ocr_carea' id='block_1_13' title="bbox 80 4561 1220 4751">
    <p class='ocr_par' dir='ltr' id='par_1_18' title="bbox 80 4561 1220 4751">
     <span class='ocr_line' id='line_1_41' title="bbox 80 4561 1220 4690; baseline 0.009 -50"><span class='ocrx_word' id='word_1_335' title='bbox 80 4583 82 4590; x_wconf 62' lang='lat'><strong>⁴</strong></span> <span class='ocrx_word' id='word_1_336' title='bbox 122 4583 150 4641; x_wconf 89' lang='lat' dir='ltr'><strong>et</strong></span> <span class='ocrx_word' id='word_1_337' title='bbox 160 4579 278 4648; x_wconf 84' lang='lat' dir='ltr'><strong>Nonius</strong></span> <span class='ocrx_word' id='word_1_338' title='bbox 290 4603 321 4668; x_wconf 90' lang='lat' dir='ltr'><strong>p.</strong></span> <span class='ocrx_word' id='word_1_339' title='bbox 329 4561 409 4668; x_wconf 79' lang='lat' dir='ltr'><strong>blo,</strong></span> <span class='ocrx_word' id='word_1_340' title='bbox 426 4583 464 4650; x_wconf 83' lang='lat' dir='ltr'><strong>lb</strong></span> <span class='ocrx_word' id='word_1_341' title='bbox 482 4609 503 4649; x_wconf 87' lang='lat' dir='ltr'><strong>e</strong></span> <span class='ocrx_word' id='word_1_342' title='bbox 515 4583 573 4650; x_wconf 84' lang='lat' dir='ltr'><strong>leto</strong></span> <span class='ocrx_word' id='word_1_343' title='bbox 585 4585 651 4650; x_wconf 83' lang='lat' dir='ltr'><strong>iam</strong></span> <span class='ocrx_word' id='word_1_344' title='bbox 662 4585 813 4674; x_wconf 81' lang='lat' dir='ltr'><strong>loupe&#39;ter.</strong></span> <span class='ocrx_word' id='word_1_345' title='bbox 826 4586 899 4652; x_wconf 85' lang='lat' dir='ltr'><strong>hino</strong></span> <span class='ocrx_word' id='word_1_346' title='bbox 910 4585 1032 4670; x_wconf 89' lang='lat' dir='ltr'><strong>primus</strong></span> <span class='ocrx_word' id='word_1_347' title='bbox 1044 4573 1220 4690; x_wconf 76' lang='lat' dir='ltr'><strong>Lambinus</strong></span> 
     </span>
     <span class='ocr_line' id='line_1_42' title="bbox 953 4687 1148 4751; baseline 0.015 -1"><span class='ocrx_word' id='word_1_348' title='bbox 953 4687 1022 4751; x_wconf 81' lang='lat'><strong>12*</strong></span> <span class='ocrx_word' id='word_1_349' title='bbox 1146 4738 1148 4742; x_wconf 85' lang='lat'>.</span> 
     </span>
    </p>
   </div>
   <div class='ocr_carea' id='block_1_14' title="bbox 0 0 1539 5150">
    <p class='ocr_par' dir='ltr' id='par_1_19' title="bbox 0 0 1539 5150">
     <span class='ocr_line' id='line_1_43' title="bbox 0 0 1539 5150; baseline 0 0"><span class='ocrx_word' id='word_1_350' title='bbox 0 0 1539 5150; x_wconf 95' lang='lat' dir='ltr'><strong> </strong></span> 
     </span>
    </p>
   </div>
  </div>
 </body>
</html>
