3096 5142
689 359 718 425 V
1197 363 1261 430 295

154 533 283 600 odersele
293 582 302 616 ,
312 531 451 598 nendum
467 531 601 620 Ceparia
615 543 758 596 terrenae
769 577 778 612 ,
790 543 968 616 pontusque
982 532 1106 604 intrare
1119 549 1262 620 asperet,

13 687 37 734 3.
154 636 209 702 Ad
222 635 360 723 puppim
382 657 494 700 saeros
515 633 638 700 oddara
660 633 800 699 eliciente
819 633 949 698 corinda
963 633 1146 702 Adductum
1167 650 1263 704 contu

13 741 14 760 ¹
152 739 236 805 uenit
254 761 367 804 more.
390 734 445 802 ubi
467 734 614 802 inlibris
637 741 686 802 est
704 747 861 822 porstoque
881 737 1003 804 intrare
1025 751 1195 826 asperent.

237 837 311 906 509.
339 839 512 905 Monens
539 857 761 904 sennenurs.
784 836 875 916 Quae
904 837 988 906 hune
1016 859 1143 907 versum
1171 860 1263 926 prae·

154 941 290 1026 oednnt,
306 939 347 1008 iis
369 940 521 1008 eontinuo
544 939 767 1008 subioiondum
790 945 839 1006 est
864 941 1025 1028 Tereaque
1045 957 1080 1009 ut
1101 945 1136 1010 sir
1157 944 1263 1012 medio

153 1052 185 1113 et
205 1049 313 1112 oetere
326 1043 410 1122 534,
426 1063 532 1130 neque
553 1044 634 1112 haee
652 1043 694 1110 de
715 1042 855 1110 motibus
876 1049 1035 1111 astrorum
1057 1050 1156 1132 poeta
1177 1046 1264 1114 inira

153 1165 249 1215 versu
264 1146 328 1212 774
342 1151 375 1212 et
394 1147 551 1232 proximis
566 1152 812 1214 eommemorat.
827 1145 939 1230 itaque
953 1153 1091 1233 apparet
1111 1148 1164 1214 hio
1186 1169 1263 1234 quo·

153 1268 215 1334 qne
236 1249 270 1316 in
289 1243 416 1316 seliedis
439 1249 589 1316 earminis
611 1247 823 1336 disponendis
844 1267 866 1314 a
886 1249 990 1334 primo
1006 1248 1150 1335 editore,
1166 1270 1262 1335 qoem

153 1349 190 1431 Q„
218 1350 406 1418 Ciceronem
433 1350 535 1418 fuisse
561 1371 660 1437 supra
685 1349 777 1436 dixi,
799 1357 967 1436 penoetnm
994 1371 1090 1418 esse.
1111 1359 1262 1439 poterant

152 1460 260 1520 autem
282 1452 363 1520 haee
383 1453 482 1539 paulo
503 1454 610 1540 aptius
632 1461 855 1540 postremum
877 1453 942 1520 563
963 1454 1137 1522 oolloeari.

236 1555 311 1623 513.
334 1557 425 1622 INDE
447 1569 564 1622 salunt
590 1577 707 1622 SUPBA
732 1577 876 1622 FLUERE
902 1577 1025 1628 droun
1051 1577 1261 1623 lnnnnnnnn

152 1679 301 1725 ronan.
324 1657 385 1726 Hie
405 1664 462 1728 slir
483 1683 545 1747 quo
559 1659 701 1727 intendet
723 1679 827 1744 neque
848 1659 1068 1746 superioribus
1084 1661 1262 1730 continetur

152 1782 256 1846 neque
278 1761 320 1828 iis
341 1780 425 1852 quae
445 1769 621 1830 seeuntnr.
642 1781 719 1829 nam
738 1781 834 1830 versu
856 1762 1002 1848 proximo
1018 1761 1196 1830 eorundum
1212 1768 1262 1829 est

151 1885 191 1933 ne
207 1863 288 1930 illud
301 1864 369 1945 Quo
383 1863 560 1932 reseramus
572 1863 616 1932 ad
627 1864 752 1948 molan,
767 1864 835 1945 Quo
846 1863 1000 1932 uoluendo
1013 1865 1131 1932 mione
1140 1867 1265 1931 ueremi

151 1966 260 2036 euers
272 1966 407 2034 mundi:
421 1986 526 2052 neqne
541 1969 624 2035 enim
640 1967 751 2036 sidera
772 1989 833 2054 quo
855 1973 888 2034 et
908 1967 1051 2051 inquom
1074 1967 1179 2033 louum
1193 1966 1261 2034 vol·

150 2076 268 2140 vantur
289 2069 398 2138 diuers
418 2069 615 2157 poterimus,
631 2075 663 2138 et
685 2089 724 2137 eo
746 2089 844 2138 versu
865 2069 1017 2136 absoluta
1037 2074 1149 2136 aerum
1163 2089 1261 2156 expo·

150 2173 269 2242 sitione
292 2192 375 2259 opus
396 2179 446 2240 est
471 2171 515 2240 ad
541 2172 745 2242 elfieiendum
766 2171 801 2239 id
822 2172 911 2258 quod
932 2172 1117 2257 quaeritur,
1138 2171 1261 2240 soilioet

150 2301 185 2344 eo
210 2275 282 2342 lieri
305 2281 342 2341 ut
361 2275 472 2343 sidera
492 2276 687 2344 volvantur.
710 2276 771 2343 hoe
792 2281 899 2342 sutem
921 2293 1016 2342 versu
1037 2274 1103 2342 514
1127 2275 1162 2340 in
1188 2273 1260 2341 loeo

107 2407 110 2412 ·
149 2398 210 2445 sno
233 2377 398 2464 reposito,
418 2377 480 2446 hoe
508 2386 558 2446 est
585 2383 660 2463 post
679 2378 764 2464 516,
784 2385 920 2465 apparet
945 2377 1036 2444 illum
1062 2377 1262 2463 superiorem

150 2488 260 2550 alitem
270 2481 432 2550 emaum
445 2499 621 2546 nnoesuu
636 2487 668 2548 ot
682 2479 854 2567 sphaeram
865 2481 954 2548 illam
966 2480 1046 2550 oaeli
1058 2479 1261 2567 deprimere:

150 2586 234 2652 sltor
255 2584 365 2669 enim,
387 2585 443 2669 qui
465 2583 575 2652 subter
596 2589 669 2670 est,
693 2584 830 2653 eundem
854 2585 935 2654 eseli
958 2584 1069 2652 orbem
1095 2583 1262 2650 advehere

150 2694 183 2755 et
204 2687 240 2753 in
261 2687 362 2754 altum
383 2687 497 2754 tollere
519 2685 656 2755 dieitur.

235 2789 310 2857 515.
338 2789 419 2854 Aur
446 2809 561 2854 surum
590 2809 1037 2876 surrnn,oournsou1s
1066 2809 1262 2855 sunvnnsn

151 2913 276 2958 ononn
292 2941 299 2957 .
315 2889 463 2958 Andreas
478 2893 662 2977 Naugerius
676 2895 738 2960 Ast
752 2895 853 2960 elium
868 2900 900 2960 et
914 2894 973 2980 qut
984 2893 1151 2974 mehor,
1167 2909 1262 2976 quem

152 2995 252 3062 oetsri
267 2999 438 3062 seruntur.
454 2993 631 3062 debuerunt
644 2995 926 3079 ingratidomines
937 3000 1098 3062 auewrem
1110 2994 1263 3078 optimum

151 3097 289 3166 laudare
309 3097 469 3184 primum,
490 3096 610 3165 deinde
632 3097 673 3164 ab
696 3115 735 3164 eo
756 3097 903 3182 eoeipere
925 3118 1013 3169 our:
1034 3094 1093 3163 sed
1114 3110 1165 3161 our
1189 3113 1262 3162 eon·

149 3200 313 3268 iunctione
334 3199 516 3267 Lueretium
538 3219 631 3266 neum
657 3219 723 3266 non
744 3219 816 3268 esee
841 3199 892 3267 his
918 3199 1012 3266 annis
1038 3198 1189 3266 treoentis
1215 3198 1261 3264 in·

150 3304 263 3390 tellegi
285 3304 412 3390 potuit.
437 3321 542 3387 neque
566 3303 607 3370 eis
628 3303 809 3370 eoniunetio
832 3303 905 3370 huie
926 3304 998 3370 looo
1021 3299 1263 3370 aooommodeta

102 3441 108 3454 ·
150 3414 221 3493 est,
238 3405 386 3474 sedtum
408 3406 690 3492 praemonentes
704 3420 839 3493 utraque
847 3407 943 3494 perti
954 3410 986 3472 et
1000 3403 1081 3472 Iade
1095 3404 1195 3470 olium
1210 3428 1261 3471 su·

143 3536 213 3600 pro
223 3511 347 3597 fluas,
362 3508 546 3575 neeessario
562 3509 653 3592 sequi
668 3508 765 3576 debet
779 3508 873 3574 Hunc
896 3514 952 3575 ent
966 3513 1051 3575 eerte
1066 3506 1147 3574 Iade
1161 3507 1262 3574 alium

149 3625 282 3700 supter.
301 3611 335 3677 in
356 3610 418 3678 hoo
439 3629 558 3694 genere
580 3611 672 3676 nulla
694 3611 870 3680 litterarum
892 3609 1112 3678 similitudinis
1134 3617 1166 3676 et
1181 3615 1262 3676 oete·

150 3735 258 3781 rorum
274 3713 498 3799 estidolorum,
515 3713 547 3778 in
563 3713 679 3797 quibus
694 3713 755 3780 sibi
778 3714 925 3800 plerique
945 3715 1094 3800 plaoent,
1111 3710 1263 3779 habenda

150 3819 233 3884 ratio
256 3821 328 3899 est,
344 3835 450 3900 neque
472 3815 578 3882 dieom
599 3836 670 3881 sur
693 3835 734 3883 ex
755 3837 815 3880 rso
831 3865 839 3902 ‚
856 3815 942 3901 quod
965 3815 1143 3900 quadratus
1165 3814 1263 3882 habet

150 3939 251 4005 snpra
271 3939 370 3986 versu
391 3917 619 4003 285,raoi1im
640 3937 736 4003 quem
758 3939 799 3986 ex
820 3939 912 3984 exso
934 3918 1010 3984 oriri
1032 3918 1198 4004 potuisse.

235 4021 309 4089 516.
344 4020 397 4088 Ur
422 4041 591 4086 ,nnuvrus
625 4042 793 4086 vnnssns
825 4041 971 4086 nonus.
997 4019 1095 4107 Apud
1122 4019 1263 4087 Nonium

150 4149 181 4213 p.
196 4125 246 4209 13,
264 4125 284 4188 8
307 4130 392 4190 reete
418 4125 458 4190 Ur
479 4143 665 4208 suevos,
685 4125 774 4210 apud
796 4125 956 4194 Isidorum
978 4123 1136 4206 originum
1155 4141 1209 4208 xx,
1224 4122 1263 4189 15

150 4230 191 4295 Iu
201 4227 306 4314 fluoris
322 4271 330 4290 .
345 4223 404 4292 sed
427 4225 461 4291 in
483 4226 598 4292 eodem
613 4245 710 4294 versu
731 4227 831 4294 iidem
846 4246 917 4294 oum
931 4224 1129 4292 membranis
1144 4223 1262 4290 nostris

150 4343 281 4413 austro,
296 4348 360 4394 non
375 4328 533 4395 monuo.
553 4342 664 4394 oestuo
685 4327 773 4395 inira
794 4330 828 4394 in
849 4327 911 4394 hoo
924 4328 1008 4394 libro
1027 4327 1109 4395 1069
1124 4324 1262 4411 quadre-

150 4439 222 4518 tns,
239 4432 351 4498 aurire
365 4431 399 4496 in
415 4430 492 4510 1v‚3
507 4429 690 4516 oblongus,
707 4431 793 4499 idem
808 4433 933 4498 eaeouor't
952 4431 986 4496 in
1002 4427 1161 4516 v1,1140‚
1177 4427 1264 4496 auat

151 4531 327 4621 quadratos
349 4532 382 4598 in
404 4554 447 4618 vr,
463 4533 544 4600 141.
