3052 5150
643 397 695 464 111
1158 398 1222 462 itt

130 569 203 636 linit
212 570 353 637 selenen
363 593 396 636 se
407 569 481 635 itus
491 617 499 652 ,
511 583 546 636 ut
556 569 666 656 scrofa
674 591 806 656 porcos,
819 565 1045 635 ds'sieaturum.
1061 565 1224 634 Vitruvius

129 673 269 758 inrr,l,3
280 673 527 758 lobmntspirae
533 695 640 738 earnm
648 670 806 758 plinthum
818 669 865 734 ad
873 671 1027 736 stimuum
1038 669 1135 734 altam
1146 693 1225 736 suae

13 762 19 845 i
128 773 340 841 crassitudines
355 773 492 840 dimidio
501 787 617 860 parte,
632 786 734 838 torum
748 774 879 857 insuper
892 796 961 838 eum
973 772 1132 859 apophysi
1138 795 1224 836 aras·

128 901 188 943 mm
202 891 353 963 quantum
364 877 508 964 plentius
520 925 528 942 .
539 874 711 942 Frontinus
727 873 768 940 de
783 875 1013 941 controversiis
1024 893 1175 958 agrorum
1191 896 1223 961 p.

127 979 171 1062 39,
185 981 222 1045 19
244 1003 316 1044 cum
338 1003 412 1066 erqo
429 1001 593 1066 possessor
613 978 768 1044 iuvenem't
789 978 955 1042 terminum
976 977 1012 1042 in
1030 980 1225 1064 possessione

127 1105 179 1147 suo
192 1081 470 1168 eltierfonmatum
485 1094 540 1147 aut
555 1081 649 1146 aliter
660 1080 798 1166 poseium
821 1103 916 1166 quam
937 1081 1035 1145 aeteri
1053 1082 1113 1168 qui
1130 1083 1166 1146 in
1188 1106 1225 1148 eo

124 1186 309 1270 possessores
330 1196 423 1267 sunt,
444 1196 500 1248 out
520 1207 583 1249 non
605 1183 793 1268 insen'ptnm
814 1195 849 1246 nt
871 1179 1009 1247 adsolet.
1027 1189 1168 1249 osterum
1190 1184 1225 1250 in

126 1285 275 1370 qusdruto
298 1305 413 1352 versus
435 1285 599 1370 proximus
615 1284 699 1369 616,
725 1284 781 1367 qui
804 1282 915 1350 debuit
935 1284 1058 1369 primus
1079 1285 1225 1352 laterculi

127 1407 209 1472 esse,
231 1388 370 1472 scriptus
391 1406 456 1453 non
479 1393 586 1452 extat:
609 1385 747 1452 eundem
768 1387 919 1470 ignorant
940 1387 1099 1453 sobsdes.

13 1559 14 1566 ¹
200 1491 274 1557 616.
305 1509 372 1553 snb
395 1509 478 1554 uurs
501 1487 664 1554 Snnrnus
687 1510 730 1552 ns
752 1509 884 1552 onnrrs
906 1509 1136 1554 nesrournus
1159 1509 1224 1554 ou·

125 1613 224 1658 smus
246 1613 396 1656 nsnnnn
409 1639 416 1656 .
428 1590 490 1658 Hie
505 1589 725 1658 Wakefieldus
740 1589 901 1658 ‘Omnibus
914 1616 924 1656 :
938 1593 960 1658 i.
977 1611 1005 1658 s.
1020 1591 1223 1659 bominibus:

12 1695 13 1758 ἶ
125 1715 180 1780 quo
201 1694 279 1780 quid
295 1694 444 1780 planius,
467 1700 524 1758 sut
538 1693 703 1778 scriptoris
718 1694 816 1760 menti
832 1694 1115 1761 convenientius?
1137 1693 1224 1760 haud

12 1783 13 1794 ¹
125 1797 184 1864 vidi
206 1799 335 1882 magis.
352 1795 526 1862 Lambinus
548 1798 649 1862 omnes
670 1797 812 1863 inhaeret
823 1846 832 1880 ,
856 1815 921 1861 non
943 1796 1046 1877 bens,
1070 1798 1224 1879 quonism

12 1923 13 1928 ¹
123 1899 291 1984 praecessit
313 1900 418 1964 anems'
435 1923 522 1964 mens
543 1898 879 1986 consiliumque.mihi
894 1899 1033 1964 maxime
1055 1899 1224 1983 probabile

12 2051 13 2056 η
123 2001 243 2070 ridetur
262 2005 391 2086 politum
413 2000 581 2086 scripsisse
603 2004 739 2067 etseras
753 2002 926 2088 reqiom'bu’
943 2011 1129 2065 encsoms'
1152 2003 1223 2069 leoe-

12 2163 13 2178 2
122 2105 353 2170 ret.ituvsrsu
370 2102 657 2190 1401dquesitum
671 2103 777 2170 media
797 2107 923 2191 reqioue
944 2105 979 2168 in
997 2106 1134 2189 pectoris
1155 2105 1224 2172 leae

122 2221 187 2272 ret.
208 2207 284 2272 item
306 2207 342 2270 in
363 2225 397 2284 11,
413 2204 476 2270 279
503 2217 604 2272 tamen
633 2230 699 2272 esse
725 2209 761 2272 in
781 2220 908 2294 pectore
934 2219 1040 2272 nostro
1062 2205 1224 2286 quiddam

13 2347 14 2362 1
122 2309 201 2394 quod
219 2321 329 2376 eontra
346 2331 495 2395 puqnare
516 2309 698 2394 obstareque
717 2311 837 2394 possit.
958 2363 960 2368 .
1211 2341 1213 2348 v

199 2413 270 2479 618.
293 2432 436 2475 snmus
458 2431 601 2482 sumus
618 2458 625 2474 .
642 2409 809 2477 Oorreelor
824 2411 955 2495 oblongi
972 2432 1157 2480 suenrus.

199 2513 270 2582 620.
287 2515 419 2585 Arous
431 2534 475 2576 rs
490 2519 724 2578 uunnruonis
737 2535 916 2579 nnnnoms
932 2537 1108 2582 nnsusus
1125 2537 1222 2584 essu.

13 2637 14 2643 ¹
122 2616 191 2682 lisli
212 2625 243 2682 st
265 2616 343 2682 olim
365 2615 512 2700 impressi
527 2617 632 2704 Atque
653 2637 715 2680 rus
730 2665 739 2682 .
755 2622 821 2682 mm
844 2618 918 2685 Itali
942 2627 973 2685 st
987 2619 1142 2686 Marullus
1158 2643 1223 2707 pro

124 2721 190 2784 tous
210 2719 361 2801 artabus,
383 2716 470 2801 quod
492 2717 569 2802 quid
593 2725 678 2785 esset
699 2719 805 2786 adhue
820 2723 913 2787 nemo
937 2722 1100 2807 explieers
1121 2722 1225 2807 potuit

123 2829 242 2904 praeter
264 2819 521 2903 Wakefieldum,
539 2821 590 2885 oui
613 2820 693 2886 nihil
716 2821 830 2887 durum
853 2829 902 2890 est
917 2871 925 2889 .
943 2826 990 2890 rei
1014 2825 1164 2890 convenit
1177 2826 1224 2889 isa

123 2923 307 2989 multimodis
332 2943 541 2986 nsussens
570 2925 720 3006 artubus,
750 2925 962 2991 Membrorum
991 2939 1026 2991 ut
1051 2949 1224 3012 numquam

10 3035 14 3071 ²
124 3027 230 3092 aime
248 3038 471 3112 praeposterus
493 3024 571 3090 ordo
583 3073 591 3088 .
603 3025 637 3089 in
652 3026 831 3110 posteriore
846 3046 943 3093 versu
959 3028 1135 3111 quadratus
1157 3047 1223 3093 non

124 3125 212 3194 babet
231 3141 266 3192 ut
287 3127 562 3192 coniunctionem.

200 3231 272 3296 623.
296 3229 532 3294 Fuumurnus
549 3250 683 3293 sonrnn
698 3253 822 3303 usuum
837 3253 979 3296 1usruu1
994 3254 1145 3298 umerus
1159 3257 1223 3298 sn·

125 3351 190 3394 eon
205 3381 212 3396 .
229 3333 287 3398 Hie
302 3352 318 3397 s
333 3332 442 3396 littere
456 3331 563 3396 alieno
585 3333 656 3396 loeo
678 3335 787 3416 posits
809 3341 917 3401 estse
941 3334 1036 3402 modo
1058 3355 1154 3420 quem
1176 3344 1221 3404 st·

125 3431 177 3514 tigi
191 3434 232 3499 ad
248 3434 365 3500 librum
380 3454 413 3516 11,
430 3431 512 3499 275:
528 3454 566 3518 τ,
590 3433 676 3516 quod
691 3435 738 3500 illi
754 3435 831 3502 eddi
848 3437 978 3523 debuit,
995 3439 1111 3523 periit:
1127 3439 1223 3506 debet

126 3535 201 3599 enim
216 3555 287 3602 esse
308 3535 447 3600 solitasn
461 3559 560 3622 neque
574 3539 608 3601 in
623 3558 701 3600 mur
717 3586 726 3603 .
742 3547 900 3606 eorreetor
921 3540 1070 3624 quadrati
1094 3549 1126 3606 st
1147 3543 1224 3607 oiim

126 3634 263 3722 impressi
286 3640 322 3704 in
343 3639 432 3724 iqui,
448 3637 543 3702 solito
564 3652 609 3703 est
622 3638 800 3726 Marullus,
818 3648 989 3726 utrumque
1011 3643 1076 3708 iam
1099 3643 1197 3711 Itali.

201 3740 271 3807 624.
295 3761 330 3804 sn
351 3759 541 3802 nonnanis
563 3761 712 3805 sununs
734 3764 947 3809 nurusssn.
964 3744 1131 3811 Gorrsotor
1145 3764 1223 3829 que·

7 3907 9 3934 ζ
126 3839 201 3906 meti
223 3851 254 3908 st
276 3843 375 3909 ueteri
397 3843 429 3906 si
444 3863 670 3907 runosrnms
688 3891 694 3905 .
711 3844 890 3910 Brixisnsis
905 3847 1005 3913 editio
1021 3849 1146 3914 animai
1157 3861 1222 3932 est,

7 3951 8 3956 ’
125 3937 308 4011 Veronensis
323 3965 508 4010 smumsn
522 3965 674 4030 ‚quorum
691 3945 752 4012 hoo
767 3947 868 4014 altero
884 3949 993 4015 verius
1010 3969 1088 4016 osse.
1098 3950 1223 4018 ostendi

125 4043 162 4110 sd
183 4066 310 4114 vorsum
331 4047 416 4112 374.
1076 4107 1080 4118 .

200 4150 273 4216 626.
295 4155 473 4214 ssusrsu's
495 4169 649 4214 suorum
669 4199 677 4217 .
698 4149 865 4218 Oorrsotor
892 4152 1042 4238 quadrati
1069 4160 1102 4219 et
1127 4155 1224 4222 soteri

125 4269 291 4318 sucnsn.

202 4355 272 4421 628.
296 4375 434 4418 sumus
455 4375 680 4419 sennnuunn
702 4377 850 4422 vsesss
867 4409 874 4424 .
892 4357 1060 4424 Correetor
1074 4357 1225 4442 quadrati

125 4474 252 4540 seqare,
274 4443 385 4541 itique
408 4457 443 4523 in
465 4478 509 4542 iv,
528 4457 587 4522 127
605 4457 803 4543 quadratus,
826 4458 880 4524 ubi
905 4461 1065 4544 oblongus
1087 4460 1222 4544 vapori.

127 4547 180 4620 hos
205 4565 333 4642 uterque
356 4559 388 4624 iu
411 4581 432 4645 ι,
452 4559 531 4626 1061
557 4581 598 4645 ιν,
617 4561 678 4628 129
695 4561 778 4644 724,
803 4561 878 4626 item
901 4561 1078 4645 quadratus
1100 4581 1143 4646 iv,
1159 4560 1224 4645 63,

953 4663 992 4726 12
