2996 5148
545 473 589 536 vl
1066 475 1128 541 239

17 661 29 712 l
76 642 134 718 Qun
153 650 290 727 propter,
306 644 386 708 bene
409 645 464 708 ubi
487 644 569 710 llaec
592 644 779 709 euulirrnnta
802 650 897 726 atque
920 645 1026 709 locata

45 759 335 848 ennia'ecnstiterint
357 759 446 824 nobis
469 768 644 844 praeposta
666 766 800 843 perata,

17 875 108 952 lelund
128 893 216 956 super
237 883 305 952 cst,
321 874 417 940 facile
440 876 512 939 hine
535 876 616 940 ratio
639 874 810 950 reddetur,
828 885 860 940 et
881 875 984 939 omnis

45 1008 116 1051 rause
135 993 202 1072 pete
224 987 296 1073 fiet,
314 1009 396 1071 quae
419 988 493 1052 terri
516 989 659 1074 pelliciat
681 991 764 1054 viru.

44 1102 165 1185 principio
186 1103 281 1170 fluere
305 1125 323 1170 e
347 1104 454 1188 lupide
476 1103 537 1168 hoc
560 1104 718 1186 permulta
742 1111 903 1170 necessest

43 1217 151 1300 sentina,
166 1218 229 1285 sive
252 1225 395 1302 aestum,
413 1219 467 1301 qui
489 1218 617 1283 discutit
638 1226 716 1284 e‘e’ra
738 1219 866 1304 plagis,

42 1329 100 1393 iuter
119 1333 163 1413 qui
185 1334 324 1417 lapidem
348 1333 530 1415 ferrumque
553 1341 602 1399 est
624 1355 759 1417 euinque
781 1335 925 1399 locutus.

17 1461 31 1508 u
44 1445 84 1508 lue
101 1448 145 1510 ubi
165 1449 303 1514 inanitur
327 1448 465 1532 spatium
488 1448 669 1530 multusque
691 1469 769 1514 vace
792 1450 826 1514 lit

41 1559 61 1621 iu
78 1561 165 1626 undio
187 1563 296 1642 icens,
314 1563 474 1647 externplo
497 1563 674 1646 prinrnrdis
696 1565 773 1629 ferri

42 1673 61 1734 in
80 1697 194 1742 vacuum
217 1678 372 1762 prolapsa
395 1677 514 1740 eadunt
536 1679 725 1763 coniuncta,
742 1679 776 1742 fit
798 1687 895 1761 utque

17 1761 19 1800 ¹
41 1787 126 1854 anulus
145 1791 211 1874 ipse
233 1799 389 1873 sequatur
411 1797 525 1873 eatque
549 1793 593 1857 ilc
615 1813 747 1876 corpore
770 1800 857 1859 tote.

41 1920 77 1964 nee
94 1923 137 1968 res
158 1906 221 1970 ulle
243 1906 353 1988 magis
375 1907 565 1988 primoribus
587 1927 624 1973 ex
650 1909 815 1974 elementis

17 2029 34 2074 u
43 2015 188 2101 indupedita
210 2021 280 2087 suis
305 2027 374 2086 erle
396 2040 522 2086 conexa
543 2021 696 2088 cohaeret

44 2150 102 2210 pan
124 2135 215 2199 velidi
238 2135 317 2201 ferri
340 2141 455 2202 natura
477 2143 509 2201 el
530 2136 666 2220 frigidus
690 2137 821 2202 licrrcr.

48 2267 78 2306 *uu
95 2249 188 2315 ninus
211 2258 262 2316 cel
285 2250 420 2333 mirum,
438 2269 501 2332 qun
525 2251 650 2316 ducitur
673 2273 714 2318 ex
738 2252 922 2335 olemunde,

51 2381 136 2442 rupere
157 2367 184 2430 si
207 2371 375 2448 nequeunt
397 2385 415 2428 e
435 2365 518 2430 serre
541 2365 636 2450 plura
659 2372 769 2431 coorta

46 2471 185 2545 iuuenum
211 2481 314 2563 ferri,
331 2480 407 2562 quin
430 2481 545 2544 anulus
567 2481 638 2564 ipse
661 2487 834 2564 sequatur3

20 2592 96 2665 :rqnl
114 2594 206 2672 lacit,
224 2581 258 2661 et
281 2595 445 2677 sequitur.
462 2594 565 2660 donec
586 2595 731 2677 pervenit
752 2596 794 2660 ed
817 2596 921 2680 ipsum

42 2697 79 2764 iun
96 2707 224 2792 lapidem
250 2710 422 2792 caecisque
444 2711 478 2774 iu
500 2729 538 2774 eo
563 2709 772 2794 compagibus
794 2709 916 2775 haesit.

40 2811 223 2890 inutilem
247 2831 383 2891 cunctas
405 2824 437 2888 in
459 2824 581 2909 partis,
598 2824 684 2890 uude
705 2844 784 2890 vace
806 2824 841 2888 iit

38 2945 134 3017 cunque
155 2939 267 3024 locus,
286 2939 356 3006 sive
378 2959 397 3005 e
419 2947 601 3006 transverso
625 2940 693 3006 sive
716 2959 852 3024 superne

40 3061 140 3130 lupera
160 3054 313 3119 continuo
335 3055 367 3119 in
390 3075 524 3120 vacuum
545 3054 651 3119 vicina
673 3053 835 3120 femntur:

17 3159 125 3248 luippe
145 3168 309 3253 agitantur
332 3168 414 3234 enim
437 3169 544 3253 plagis
567 3169 718 3253 aliunde,
735 3189 795 3234 nee
815 3169 889 3253 ipsc

37 3287 118 3352 rpcule
138 3303 196 3348 sue
219 3303 346 3348 sursum
369 3290 504 3367 possunt
526 3303 719 3369 consurgere
740 3285 772 3348 in
796 3305 915 3350 aures.

37 3383 76 3453 lle
93 3398 207 3463 accedit
230 3399 318 3476 ulei,
335 3417 434 3480 quare
456 3404 554 3481 queat
576 3399 608 3464 id
630 3401 733 3485 magis
757 3420 849 3484 esse,

37 3497 91 3570 baec
110 3531 234 3596 quoqne
258 3531 312 3578 res
335 3512 518 3578 adiumento
543 3519 692 3596 motuque
714 3515 860 3593 iurelur;

36 3621 113 3699 trust,
127 3627 219 3692 simul
242 3649 263 3692 a
286 3626 389 3694 fronte
412 3635 461 3694 esl
483 3629 579 3694 anelli
602 3629 704 3694 rarior
726 3637 781 3694 adr

17 3729 110 3803 tinctus
129 3740 332 3825 inanitusque
355 3743 446 3808 locus
466 3743 570 3824 magis
592 3763 632 3808 nc
653 3749 826 3823 vacuatus,

17 3853 153 3920 tri-cntinuo
175 3857 210 3922 iit
231 3858 278 3922 uti
302 3858 354 3940 qui
377 3863 522 3943 postest
544 3877 678 3941 cumque
700 3860 825 3926 locatus

86 4052 202 4066 ·-·-—-—.

38 4179 84 4230 I‘tttl
100 4199 196 4238 ornnes.
218 4189 230 4254 ll
254 4192 318 4240 1001
340 4189 508 4254 pelicestum.
530 4187 543 4256 Η
566 4192 631 4240 1006
651 4189 733 4240 ferre.
754 4187 768 4256 Η
791 4193 855 4239 1007
869 4189 957 4252 utqui.
979 4185 993 4258 ss
1015 4191 1081 4238 1000
1095 4205 1128 4238 ex

36 4267 148 4321 russum.
166 4271 180 4342 ΙΙ
202 4279 266 4326 1011
281 4287 387 4326 naturae
407 4273 421 4344 ΙΙ
443 4279 509 4326 1012
523 4277 591 4338 quod
604 4277 697 4327 dieitur
717 4273 730 4345 ΙΙ
753 4281 819 4327 1014
832 4277 932 4326 snullus
953 4275 964 4341 ll
988 4279 1054 4324 1018
1068 4283 1092 4324 et
1110 4277 1125 4340 ll

47 4357 84 4402 ¹³20
100 4359 174 4423 pingit
194 4359 207 4428 ΙΙ
229 4367 294 4414 1021
309 4363 400 4428 Sportc
420 4361 434 4432 ΙΙ
457 4367 523 4414 1022
537 4365 597 4416 item
619 4363 631 4432 ll
654 4367 720 4416 1023
739 4365 855 4416 iuretur.
876 4361 889 4432 ΙΙ
911 4367 977 4414 1025
990 4363 1089 4428 mugnis
1111 4361 1124 4430 ΙΙ

39 4441 87 4490 lusa
105 4445 244 4500 lucacstus.
