3186 5146
275 313 279 318 '
302 331 366 398 los
836 333 880 398 vr

303 510 431 589 amen,
448 523 518 569 oum
535 509 660 570 veteres
682 504 763 571 talia
784 523 850 568 non
872 509 937 570 tam
959 505 1163 588 quaesivisse
1182 525 1278 590 quam
1294 507 1417 574 vitasse

305 603 615 690 animadverterem,
643 627 718 672 mox
740 605 925 673 iudicabam
947 608 1017 674 veri
1044 607 1182 674 similior
1204 627 1276 675 esse
1298 609 1417 676 Lucre

305 711 383 774 tium
406 709 452 774 ita
474 708 662 792 scripsisse,
678 709 803 795 Effluet
823 709 1000 776 umbrosius
1021 712 1120 797 prasi
1137 735 1209 778 vers
1230 726 1258 777 et
1279 713 1415 778 aeoturi’

306 812 440 876 linctus.
456 831 530 876 nam
546 810 673 876 Nakius
695 811 739 875 ad
756 811 852 876 Diras
874 831 905 897 p.
919 811 982 878 238
1004 831 1060 879 cur
1076 812 1236 879 Catullum
1258 815 1419 880 amimae

304 914 443 998 primum
466 913 573 978 dicere
596 933 709 979 ausum
731 933 803 980 esso
825 903 1041 999 suspicaretur
1063 935 1129 980 nou
1148 914 1322 1000 videbam,
1345 935 1418 982 cnm

305 1015 556 1100 praesentimus
579 1014 700 1082 dixisse
723 1015 854 1098 quidem
875 1015 908 1082 id
931 1015 1092 1084 Catullum
1115 1019 1326 1086 concederem
1348 1039 1418 1085 car·

305 1118 458 1201 mine99,
474 1119 533 1184 13.
557 1117 687 1183 tandmn
702 1137 780 1184 vero
803 1119 948 1186 intellexi
971 1118 1045 1185 huic
1066 1125 1183 1204 poetae
1205 1140 1270 1186 non
1292 1127 1360 1187 tam
1382 1121 1419 1186 id

306 1219 391 1303 quod
408 1221 679 1304 elegantissimum
696 1227 801 1305 esset,
816 1240 912 1305 quam
928 1220 1016 1305 quod
1031 1221 1327 1306 simplicissimum,
1344 1243 1420 1289 oon-

305 1323 437 1388 venire:
470 1322 504 1388 id
534 1329 584 1388 ost
612 1329 718 1388 autem
740 1323 865 1409 Effluet
885 1343 1097 1388 nunuosras
1124 1337 1153 1390 st
1179 1326 1314 1391 noctur?
1337 1325 1418 1392 tiae·

306 1439 376 1506 rao,
400 1424 495 1508 eique
517 1424 681 1490 simillima
695 1429 744 1490 est
759 1423 913 1511 Cyclopis
927 1425 1087 1491 Homerici
1104 1445 1190 1512 vox,
1205 1446 1301 1511 quam
1318 1447 1340 1494 a
1355 1429 1420 1494 Lu-

306 1528 405 1592 cretio
428 1545 615 1612 expressam
639 1545 711 1591 esse
732 1547 827 1593 nemo
843 1526 990 1594 dubitare
1005 1534 1130 1613 potest,
1143 1524 1242 1596 Arte
1256 1523 1334 1597 τόδ’
1351 1525 1419 1614 ἆμ-

305 1625 443 1715 coortos
457 1627 513 1696 καὶ
528 1622 684 1715 νέκταρός
699 1625 789 1696 ἐστιν
804 1622 978 1715 ἀπορρῶξι
994 1624 1178 1718 ἀπορρῶγα
1193 1633 1278 1698 enim
1290 1640 1420 1700 veteres

305 1735 555 1818 interpretantur
578 1725 766 1819 ἀπορροήν,
790 1731 973 1818 ffavram.
996 1733 1037 1800 de
1054 1759 1075 1799 a
1089 1733 1244 1820 producto
1260 1743 1368 1802 autem
1383 1738 1418 1804 iu

306 1835 489 1900 nominibus
510 1835 652 1914 ¹Graecis
678 1834 980 1901 commemoratione
1008 1835 1140 1919 dignum
1162 1843 1212 1904 est
1237 1857 1278 1903 ex
1299 1857 1339 1904 eo
1361 1859 1420 1922 ge

179 1953 185 1966 ·
306 1956 383 2004 nere
406 1937 486 2002 nihil
509 1935 649 2023 habere,
673 1943 828 2021 quantum
850 1935 980 2021 quidem
1002 1938 1161 2024 sciamus,
1178 1939 1338 2025 Ennium,
1353 1948 1420 2009 tra·

306 2042 418 2124 gicos,
433 2039 646 2125 Terentium,
668 2039 847 2123 Lucilium,
869 2041 1067 2124 Varronem,
1090 2042 1292 2128 Lucretium,
1309 2044 1420 2111 Catul-

306 2145 392 2229 lurn,
415 2142 604 2208 Horatium.
628 2162 690 2227 quo
714 2141 749 2206 fit
770 2148 806 2207 ut
827 2162 928 2228 propo
949 2148 1056 2228 putem
1080 2143 1113 2208 in
1137 2144 1207 2226 his,
1229 2151 1266 2210 ut
1287 2147 1321 2211 in
1342 2147 1418 2212 aliis

308 2247 462 2330 Graecis,
486 2245 528 2310 do
549 2245 664 2329 quibus
679 2243 782 2310 Varro
804 2244 837 2310 in
860 2263 882 2308 x
897 2243 940 2311 de
954 2245 1067 2329 lingua
1081 2247 1198 2313 Latina
1211 2267 1244 2332 p.
1255 2247 1320 2314 583
1331 2249 1418 2334 584,

306 2368 372 2414 non
396 2347 532 2414 eandem
555 2365 666 2413 omnes
689 2347 951 2414 consuetudinem
973 2355 1100 2416 secutm
1122 2367 1214 2417 esse.
1241 2368 1302 2415 nec
1320 2349 1418 2417 dabo·

306 2451 380 2516 bam
403 2451 569 2533 omittere,
593 2469 689 2535 quern
711 2448 886 2517 admodum
908 2448 1076 2516 heroidum
1091 2452 1301 2536 epistularum
1316 2453 1419 2540 scrip

306 2559 355 2618 tor
377 2553 499 2618 Aalro
514 2553 605 2618 Leda
625 2552 732 2618 vocali
755 2558 905 2639 correpta
927 2552 1028 2636 dixit,
1049 2552 1210 2620 Catullum
1233 2574 1362 2640 quoque
1384 2557 1419 2622 iu

306 2655 481 2740 galliambo
497 2655 666 2740 scripsisse
679 2655 870 2742 Trepidaate
881 2679 951 2721 mam
965 2656 1082 2742 recepit
1093 2655 1153 2721 dea
1163 2657 1315 2724 Pasithea
1328 2660 1418 2728 dau.

306 2759 364 2826 sed
380 2759 542 2847 Pyrrhia,
558 2756 644 2841 quod
663 2757 814 2824 Horatius
835 2758 933 2825 habet
954 2757 1015 2823 hoc
1029 2777 1146 2843 versu,
1173 2760 1213 2825 Ut
1225 2762 1338 2826 craeso
1349 2761 1419 2846 plo-

306 2887 376 2928 mas
386 2861 535 2948 furtivae
550 2860 693 2947 Pyrrhuis
713 2860 826 2944 lonae,
848 2879 953 2944 neque
968 2860 1115 2927 Graecae
1132 2879 1237 2944 neque
1253 2863 1420 2930 Romanas

307 2964 446 3029 sominae
468 2981 586 3040 nomen
607 2967 675 3046 est,
693 2983 752 3029 nec
765 2967 872 3048 potest
886 2962 1026 3030 dubitari
1042 2961 1122 3046 quin
1143 2961 1225 3028 iilud
1241 2983 1262 3030 a
1276 2965 1420 3032 librariis

306 3067 354 3132 ita
375 3071 557 3150 corruptum
579 3065 643 3130 sit.

392 3170 464 3235 972.
501 3167 579 3246 Qus
603 3187 706 3230 srnrn
733 3188 798 3231 ssu
825 3188 963 3231 uonrsr
985 3189 1086 3240 cuoo
1108 3188 1247 3234 usurus
1268 3189 1420 3234 ruosnn

305 3294 351 3336 sc
374 3291 533 3337 nxsosr.
554 3272 605 3336 lta
626 3271 732 3356 prima
755 3289 852 3335 mauu
875 3270 1033 3354 oblongus
1056 3285 1178 3355 meet,
1195 3289 1217 3337 a
1237 3277 1421 3340 conscium

307 3387 419 3440 exstes:
435 3373 611 3458 quadratus
627 3385 722 3438 earet.
744 3372 830 3460 qood
843 3393 1006 3438 surmus
1021 3393 1218 3438 rnosousr
1234 3374 1312 3439 olim
1327 3375 1421 3440 Itali:

306 3476 385 3560 sed,
402 3475 489 3562 quod
505 3475 677 3558 indignor,
695 3476 765 3555 Qua
779 3497 871 3540 usos
885 3495 979 3542 nemo
1002 3475 1206 3544 scribendum
1220 3475 1326 3561 vidit,
1346 3477 1421 3543 sine

306 3599 369 3663 qno
392 3577 601 3664 lepidissimis
624 3575 792 3643 versiculis
815 3597 875 3644 sua
897 3579 1061 3662 elegantia
1082 3599 1147 3646 nou
1169 3583 1317 3645 constat.

391 3681 463 3748 973.
499 3681 675 3751 Dnuroun
697 3701 943 3747 nssscrsurr.
978 3681 1156 3748 Brixiemis
1177 3680 1276 3748 editio
1298 3685 1421 3748 amari-

305 3809 395 3867 cam,
418 3783 572 3849 Marullus
595 3803 859 3848 susnscrsurr.

391 3887 464 3954 977.
494 3886 746 3964 Sruucrurns,
770 3907 896 3950 nanus
918 3907 1031 3952 susus
1055 3907 1151 3951 usuc
1174 3905 1342 3950 orvuson
1364 3906 1420 3949 vr-

305 4011 446 4054 nsron.
482 3989 666 4069 Quadratus
688 3989 764 4054 iaec
791 3989 935 4056 racadu.
969 3988 1056 4074 apud
1078 3989 1219 4055 Nonium
1241 3987 1360 4073 psas,
1376 3989 1417 4053 21

305 4093 477 4178 Spuroitr'is
491 4092 574 4158 idem
585 4093 642 4158 sub
657 4091 798 4156 rutunda
810 4091 934 4158 videtur
945 4139 952 4156 .
965 4097 1051 4157 recte
1062 4089 1218 4158 Marullus
1232 4111 1418 4176 recusus,

305 4196 414 4279 itaque
437 4195 597 4260 Antonius
620 4194 715 4259 Marii
737 4192 893 4262 amada.
921 4212 992 4270 cnm
1021 4213 1157 4259 caenum
1185 4192 1280 4259 nobis
1302 4199 1419 4260 heter-

305 4297 388 4361 rima
409 4295 452 4360 sit
473 4296 664 4381 spurcities,
685 4297 783 4361 subus
806 4293 919 4361 eadem
941 4295 1021 4362 haec
1036 4297 1127 4361 caeni
1142 4295 1313 4379 spurcities
1329 4294 1418 4362 vidc-

305 4405 356 4462 tur
376 4398 519 4463 iucunda
540 4415 633 4462 esre.
650 4398 740 4463 nulla
754 4416 854 4462 causa
869 4403 938 4463 erat
952 4415 1008 4463 cor
1022 4398 1103 4464 haec
1116 4396 1294 4464 Lambinus
1309 4417 1418 4483 repro

305 4499 478 4583 henderet,
503 4499 565 4565 nisi
590 4499 677 4583 quod
692 4499 843 4564 Gifanius
866 4499 917 4566 hic
936 4499 1111 4584 aliquando
1128 4519 1240 4568 verum
1259 4499 1415 4568 vidisset.
