3052 5144
615 445 642 509 ll

77 619 275 702 corporibus,
299 617 410 701 paneis
432 616 507 680 lieet
529 615 601 680 hine
623 635 836 697 cognoscere,
860 616 1007 681 Memmi.

77 733 202 814 primum
225 752 345 798 aurora
367 751 449 795 novo
473 750 543 795 eunr
568 732 691 815 spargit
711 731 831 796 lumine
853 737 976 806 terras,

19 865 55 910 na
78 850 106 908 et
126 845 230 909 variae
253 845 398 909 volueres
421 863 553 910 nemora
575 847 649 910 avia
671 845 896 928 pervolitantes

77 965 226 1042 seraper
247 965 388 1022 tenerum
412 958 541 1040 liquidis
563 960 636 1023 loea
656 959 789 1024 voeibus
812 958 963 1042 opplent,

79 1094 164 1155 quam
187 1072 299 1137 subito·
316 1072 421 1137 soleat
442 1073 491 1138 sol
515 1077 602 1139 ortus
625 1080 766 1156 tempore
788 1073 845 1137 tali

78 1188 244 1252 convestire
268 1207 328 1252 sua
348 1187 543 1271 perfundens
567 1188 674 1252 omnia
695 1187 787 1270 luee,

79 1301 215 1366 omnibus
236 1301 271 1366 in
293 1308 441 1386 promptu
462 1302 731 1383 manifestumque
754 1320 826 1367 esse
848 1301 1012 1366 videmus.

19 1432 56 1478 roo
77 1420 107 1478 at
125 1433 223 1500 vapor
245 1417 274 1481 is
297 1435 391 1498 quem
414 1418 462 1481 sol
483 1417 576 1480 mittit
595 1416 766 1499 lumenque
788 1436 957 1494 serenum,

76 1549 132 1592 non
155 1530 330 1613 perinane
353 1537 439 1595 meat
460 1551 616 1609 vaenum;
640 1550 703 1613 quo
726 1531 849 1595 tardius
872 1532 917 1596 ire

77 1644 208 1728 cogitur,
231 1647 338 1710 aerias
362 1645 455 1726 qussi
478 1645 553 1708 dum
577 1644 757 1708 diverberet
778 1646 903 1708 undas:

75 1777 128 1821 nee
147 1759 336 1841 singillatim
361 1759 551 1842 eorpusouls
574 1777 721 1841 quaeque
744 1758 873 1841 vaporis

77 1872 125 1935 sed
147 1873 316 1957 eomplexa
340 1878 448 1938 meant
467 1875 550 1938 inter
573 1893 607 1938 se
630 1893 752 1954 conque
775 1873 926 1953 glolrots3

20 2005 58 2048 rar
78 2006 134 2068 qua
154 1993 283 2072 propter
307 1989 400 2052 simul
424 1989 504 2052 inter
526 2007 561 2053 se
583 1989 785 2053 retrahuntur
808 1994 838 2050 et
860 1994 951 2052 extre

79 2099 265 2180 officiuntur,
290 2103 335 2166 uti
359 2109 514 2185 cogantur
537 2103 658 2168 tardius
680 2103 746 2166 ire.

82 2223 201 2298 atquae
224 2223 302 2283 sunt
323 2217 427 2282 solida
448 2217 623 2300 primordia
647 2215 869 2299 simplicitate,

78 2347 136 2393 enm
157 2352 213 2414 per
234 2333 335 2396 inane
358 2339 466 2397 meant
487 2351 644 2414 vaenum,
667 2350 727 2398 neo
749 2350 799 2394 res
822 2335 999 2393 remoratur

78 2444 134 2506 ulls
154 2444 250 2530 ioris,
265 2453 371 2528 ¹atque
394 2448 465 2531 ipsa
488 2446 553 2512 suis
576 2465 594 2510 e
617 2445 763 2528 partibus
785 2463 904 2526 unum,

21 2572 182 2636 rosunum,
205 2561 239 2624 in
263 2579 357 2641 quem
382 2579 516 2644 coepere
539 2561 644 2626 loeum
668 2559 782 2624 oouira
805 2558 968 2640 seruntur,

77 2669 201 2757 debent,
226 2676 257 2739 ni
283 2675 415 2760 mirum,
439 2676 634 2759 praecellere
657 2673 854 2748 mobilitate,
947 2733 950 2742 .

78 2793 104 2849 et
123 2789 216 2852 multo
240 2790 334 2854 eitius
357 2788 433 2854 ferri
457 2811 553 2872 quam
576 2791 697 2855 lumina
719 2789 817 2870 solis,

77 2901 296 2986 rnrrltiplexque
319 2904 380 2968 loei
404 2905 541 2988 spatium
564 2911 778 2968 transcurrere
801 2901 912 2966 eodem

75 3019 205 3100 tempere
228 3039 294 3100 quo
318 3019 396 3083 solis
418 3019 608 3102 pervolgant
629 3019 757 3100 fulgura
781 3016 925 3081 eaelum.

577 3176 597 3216 tls

21 3371 56 3418 ros
80 3355 144 3442 [neo
163 3362 340 3444 persectari
363 3361 539 3446 primordia
561 3362 687 3446 singula
709 3379 873 3444 quaeque,

75 3476 106 3534 nt
125 3473 250 3540 videant
273 3497 338 3559 qus
361 3477 497 3560 quicque
520 3484 649 3562 geratur
673 3497 743 3541 omn
765 3476 909 3540 ratione.

113 3590 302 3671 liquidam
326 3599 437 3657 eontra
460 3593 559 3670 haee,
583 3592 685 3673 ignari
711 3591 877 3664 materiai,

78 3707 212 3768 numnam
235 3725 299 3770 non
323 3727 439 3791 posse,
463 3705 556 3771 deum
580 3707 649 3771 sine
671 3706 820 3786 numine,
843 3706 952 3767 rentur

78 3817 158 3881 tanto
181 3837 278 3901 opere
301 3819 449 3884 humanis
471 3820 649 3885 rationibus
671 3819 868 3883 atmoderate

21 3939 58 3987 rto
78 3933 211 4014 tempora
233 3937 358 3997 mutare
380 3953 554 4017 annorum,
578 3935 751 4016 frugesque
774 3951 903 4016 oreore,
964 3999 966 4004 .

79 4049 105 4104 et
123 4043 184 4110 ism
204 4053 333 4126 cetera,
354 4047 498 4112 mertolis
520 4068 605 4130 quae
627 4049 742 4115 suadet
767 4047 856 4114 adire

82 4205 266 4220 ‘ffi—

85 4311 126 4358 lit
144 4327 221 4362 novor·
241 4309 255 4382 ΙΙ
276 4317 323 4362 141
343 4315 413 4363 solea
433 4311 447 4380 ΙΙ
469 4316 515 4362 152
536 4316 607 4376 (prosi
629 4311 641 4382 Η
669 4317 717 4362 lud
737 4313 869 4362 trahuntur
893 4311 906 4381 ΙΙ
935 4315 983 4360 rsa
1002 4311 1151 4360 temerarit.
1174 4305 1186 4374 11

85 4396 127 4442 rso
144 4415 241 4449 conexu
261 4399 274 4468 ll
296 4403 344 4450 163
365 4401 541 4464 Mnltiplosque
562 4398 574 4468 ΙΙ
598 4403 645 4450 lttss
665 4399 699 4450 Ut
717 4399 792 4449 deant
812 4403 824 4466 Ji
847 4403 894 4448 168
913 4399 1000 4448 reddi.
