3036 5150
8 37 15 351 l

656 373 672 440 I
1174 373 1218 440 69

11 414 21 673 i
128 547 227 633 utitur,
250 573 266 616 e
278 549 451 630 pauxillis,
475 547 682 633 epaphratis,
705 572 721 613 a
732 569 883 633 procero,
907 569 923 612 e
934 558 1075 632 pectore,
1098 569 1114 610 e
1126 547 1217 631 prla-

127 651 226 738 oipria,
248 675 265 717 e
277 651 415 738 pamas,
438 651 597 739 oparata,
620 672 635 714 o
646 651 770 735 portis.

197 753 268 818 846.
296 773 423 823 arone
445 773 542 817 rnnrs
564 772 654 814 runa
676 771 779 823 ouon
801 771 962 817 orxruns
984 770 1082 814 auru
1103 798 1111 814 .
1133 748 1218 828 Qua·

126 853 222 921 dratus
249 861 282 921 et
308 854 448 922 sehedae
476 877 560 940 qao.
583 853 665 918 bene
690 853 846 920 Marullus
873 867 967 940 atque
996 853 1067 931 illi,
1097 872 1218 916 suras

125 978 209 1028 onos
232 958 375 1024 dammas
396 971 488 1024 aare.

195 1060 267 1126 847.
291 1079 489 1125 sannorum
511 1079 639 1128 ururs.
663 1059 735 1124 Itali
759 1065 792 1124 at
812 1057 1009 1126 Veronensis
1032 1056 1137 1123 editor
1159 1078 1218 1120 nr-

123 1181 288 1228 rrcrnnu.

195 1264 267 1330 862.
292 1262 348 1330 Ur
366 1284 521 1329 uonruu
537 1285 732 1330 arrrcrur.
749 1263 919 1332 Correotor
933 1263 1083 1348 quadrati
1098 1267 1130 1328 et
1144 1261 1218 1328 Itali

122 1387 298 1432 urroerur
315 1413 322 1431 .

194 1469 267 1537 853.
291 1469 939 1555 luu1s‚uanuon‚uusnaa?ouro
955 1471 1107 1536 nonuu?
1127 1491 1218 1533 sus.

122 1593 197 1636 eura
218 1593 264 1636 su
289 1573 357 1638 os?
386 1570 569 1652 Quadratus
599 1579 631 1640 et
657 1572 797 1640 sohedae
823 1574 957 1661 Ipaibas
983 1597 1026 1638 aa
1049 1597 1161 1640 amor.
1185 1573 1218 1638 in

13 1695 14 1738 l
121 1695 206 1742 versu
229 1681 392 1760 extremo,
414 1682 449 1741 ut
463 1674 606 1740 absurda
619 1681 842 1760 praeteream,
863 1677 1021 1742 Antonios
1037 1676 1130 1740 Marii
1145 1699 1218 1740 aaa·

119 1781 183 1865 para
205 1803 267 1862 aa,
291 1802 334 1842 oa
356 1778 414 1844 oei
443 1778 628 1860 Naugerius
650 1779 782 1866 eoaque
803 1803 865 1863 ara,
889 1803 971 1843 anae
992 1781 1051 1844 oo?
1077 1779 1218 1842 Muretus

13 1863 18 1921 i
120 1881 242 1967 roopais
257 1904 302 1945 aa
315 1881 441 1946 oasam?
457 1880 631 1946 Lambinus
646 1903 788 1970 eoapaea
804 1905 846 1946 aa
862 1882 960 1947 oreo?
975 1879 1124 1946 Giianins
1146 1904 1218 1944 aare·

117 1985 183 2068 aad
193 2007 276 2048 onae
287 1983 346 2048 oe?
361 1983 473 2048 horum
489 1984 614 2067 priores
631 1983 821 2066 ignorarunt
836 1986 969 2070 soapaio
981 1989 1013 2049 at
1027 1983 1136 2071 palor'e
1147 2000 1219 2047 esse

119 2091 228 2151 natura
243 2086 362 2167 longa,
378 2093 526 2171 correpta
539 2093 673 2170 postea,
689 2105 794 2171 neque
805 2105 951 2171 semper,
968 2085 1143 2168 avergilio
1156 2084 1218 2148 Ho-

120 2189 194 2254 ratio
211 2187 361 2254 Tibullo:
385 2188 534 2256 Gitanius
556 2208 622 2272 qua
643 2194 712 2254 arte
726 2196 852 2254 veteres
872 2209 984 2254 versus
1007 2185 1218 2272 spondiazon-

120 2297 163 2356 tas
185 2291 337 2358 sedissent
357 2310 423 2356 non
446 2289 627 2357 didiaerat.
654 2290 823 2357 videamus
845 2298 923 2376 quot
944 2309 995 2356 res
1018 2295 1145 2376 poetam
1168 2288 1220 2353 hie

118 2411 378 2460 commemorasse
401 2393 569 2478 probabile
591 2393 655 2458 sit.
678 2394 712 2458 in
734 2395 953 2479 superioribus
977 2399 1220 2459 enumeraverat

118 2496 209 2582 haee,
225 2520 312 2580 orso,
328 2499 446 2577 maora,
462 2519 617 2582 aoapeea,
633 2520 762 2580 aarum,
776 2509 905 2580 teram,
922 2499 1043 2586 spaera,
1059 2519 1219 2561 amorem:

117 2597 162 2664 bie
180 2623 264 2674 aare
279 2598 392 2664 addila
406 2605 573 2664 reourrnnt
587 2618 627 2663 ex
642 2598 706 2662 illis
729 2600 834 2686 spuis,
857 2621 966 2681 amor,
989 2601 1141 2686 eorporis,
1164 2623 1217 2680 oa,

13 2758 17 2769 .
117 2701 230 2768 absunt
251 2707 359 2766 antem
381 2702 486 2766 adauae
497 2749 506 2783 ,
530 2725 664 2783 aarum,
687 2715 802 2767 tero.
833 2701 909 2784 quid
932 2701 965 2766 ni
988 2701 1084 2784 igitur
1107 2701 1217 2766 horum

12 2851 13 2855 η
118 2813 195 2870 oerte
218 2824 317 2869 unum
340 2803 374 2868 in
397 2822 468 2868 enm
490 2803 617 2880 looum,
639 2803 694 2868 ubi
717 2823 829 2869 versus
852 2802 978 2888 delicit,
1001 2803 1219 2888 recipiamus?

117 2925 185 2971 narn
206 2908 386 2992 saapar'saa
408 2903 489 2970 nihil
516 2905 579 2970 nisi
602 2929 744 2992 saapaaa
766 2923 838 2971 esse
859 2905 938 2971 satis
961 2911 1120 2990 apparet.
1143 2905 1218 2970 sori·

118 3006 203 3074 batur
228 3027 305 3090 ergo
328 3027 380 3074 me
401 3013 530 3073 anctore
551 3007 661 3092 Ιφιὶε,
686 3031 729 3072 aa
752 3031 861 3091 amor,
883 3033 924 3072 aa
947 3010 1052 3073 aare?
1073 3007 1154 3093 quid
1167 3009 1217 3074 do·

117 3114 205 3176 rom?
227 3131 407 3188 suasura,
429 3134 473 3192 os,
495 3109 653 3174 runnu?

193 3214 266 3281 860.
290 3212 407 3278 Scrun
421 3233 533 3276 nrcrr
547 3233 658 3277 noers
675 3233 791 3276 venas
808 3235 850 3276 nr
868 3233 1030 3277 sonuum
1045 3233 1089 3275 nu
1106 3233 1216 3278 osse.

10 3333 12 3366 ε
116 3314 179 3381 Itali
202 3323 235 3382 ot
255 3315 403 3400 impressi
426 3335 621 3384 assensu.
645 3322 752 3382 uetera
774 3337 795 3382 a
817 3317 953 3381 Marullo
976 3314 1096 3380 trustra
1118 3321 1217 3400 temp·

11 3461 12 3470 η
116 3423 178 3483 tata
191 3417 370 3484 Lambinus
392 3425 478 3484 reete
500 3419 658 3504 restituit,
682 3426 714 3484 et
736 3419 786 3484 his
808 3419 943 3484 subiecit
965 3437 1093 3484 versum
1116 3419 1216 3501 huno,

11 3529 13 3614 l
117 3519 154 3583 a
173 3545 282 3588 aereos
304 3521 493 3608 ole'em'pem's
520 3523 725 3606 expertibus
751 3546 836 3587 esee.
865 3519 964 3586 laudo
993 3521 1158 3605 ingenium
1187 3529 1218 3587 et

118 3621 248 3688 studium
264 3622 435 3688 Lambini:
459 3623 517 3688 sed
540 3621 651 3688 debuit
673 3623 830 3688 dicerene
847 3643 919 3690 eum
935 3643 1062 3690 versum
1079 3625 1215 3691 secisse.

195 3725 265 3792 861.
299 3724 388 3790 Srun
422 3745 530 3790 cruos
563 3745 679 3788 ouurs
714 3747 916 3790 oouurxro
951 3747 1046 3791 corn
1080 3749 1215 3790 nrcnur

119 3825 228 3890 Essnr
259 3847 407 3890 sannen
439 3849 474 3890 ra
504 3849 568 3891 se.
592 3829 666 3894 Itali
693 3829 783 3894 Srvs
812 3831 896 3895 cibos
925 3833 1025 3896 omae'e
1052 3832 1216 3896 commixto

118 3949 278 3994 corrone
306 3928 410 3994 debeas
437 3929 533 3994 assa
559 3953 607 3994 er
633 3933 745 3998 babere
771 3934 805 3997 ia
835 3957 868 3998 ae
896 3957 1062 3998 neruoram
1084 3956 1218 4019 corporo

117 4055 231 4115 parvo.

195 4135 263 4203 866.
300 4133 460 4202 Ossrnos
494 4157 537 4200 nr
566 4157 706 4200 unavrs
737 4159 926 4208 saarnoun
956 4159 999 4200 nr
1030 4157 1216 4200 ssuuurun

118 4253 250 4304 arura.
277 4237 485 4304 Verissimum
514 4239 670 4323 estquod
694 4241 853 4307 Aventius
877 4239 967 4306 dedit
988 4241 1130 4324 primus,
1155 4261 1217 4301 vr·

120 4357 246 4411 ursona
269 4355 297 4408 ot
319 4341 473 4426 sanquine
494 4361 624 4406 unsre.

197 4443 588 4514 alsemannum
606 4465 747 4509 rannus
764 4466 794 4516 o.
809 4467 982 4511 ooarorr
1000 4466 1108 4516 curuo.
1121 4465 1216 4528 sarr,

121 4561 233 4610 auena
255 4548 309 4614 Ex
339 4567 603 4632 annumerare,
635 4569 733 4619 oure
761 4569 886 4612 uruurs
913 4569 1125 4612 onrourun.
1148 4545 1216 4614 Hos
