3020 5146
350 454 391 518 98
890 446 937 512 111

350 621 385 684 in
407 638 442 685 se
465 617 604 684 animam
629 623 727 700 atque
750 617 781 683 in
805 637 862 684 eos
884 616 1001 701 poterit
1022 615 1217 684 concludere
1239 622 1366 702 motus,

276 743 336 804 crs
353 754 433 817 ques
457 739 530 797 ante
552 733 586 796 in
608 733 715 799 nervis
738 732 822 798 etin
845 732 916 816 ipso
940 750 1072 815 comere
1096 733 1235 814 agebat.

351 867 449 931 quare
471 847 568 914 etiarn
591 853 693 928 atque·
711 847 808 912 etism
831 847 972 912 resoluto
995 846 1139 930 eorporis
1160 847 1249 912 omni

352 962 491 1046 tegmine
514 967 546 1027 et
568 962 677 1028 eiectis
701 969 793 1026 extra
813 961 967 1028 vitatibus
990 961 1078 1026 auris

351 1076 484 1142 dissolui
507 1095 622 1142 sensus
644 1076 743 1142 animi
766 1075 891 1142 fateare
914 1082 1077 1142 necessest

351 1199 447 1275 atque
469 1191 630 1273 animam,
647 1191 797 1274 quoniam
822 1191 1024 1256 coniunctast
1045 1208 1144 1254 eausa
1166 1189 1317 1254 duobus.

276 1329 326 1376 ecc
394 1307 540 1388 Denique
564 1325 634 1370 curn
658 1326 774 1391 cerpus
795 1311 937 1387 nequeat
958 1304 1101 1389 perferre
1123 1303 1242 1368 animai

351 1421 539 1505 discidium,
557 1421 633 1502 quin
657 1422 688 1486 in
711 1427 814 1486 taetro
835 1422 983 1510 tabescat
1005 1417 1124 1502 odore,

353 1537 428 1620 quid
452 1535 579 1602 dubitas
603 1535 679 1618 quin
702 1555 743 1600 ex
764 1537 827 1602 imo
849 1537 1038 1621 penitusque
1059 1539 1170 1600 coorta

354 1651 510 1718 emanarit
532 1651 575 1715 uti
598 1650 705 1715 fumus
728 1651 846 1718 diffusa
866 1650 996 1716 animas
1019 1651 1087 1732 vis,

352 1774 448 1850 atque
470 1766 542 1831 ideo
566 1771 656 1830 tanta
678 1770 832 1830 mutatum
855 1771 946 1850 putre
968 1765 1061 1828 ruina

277 1903 326 1951 sss
352 1882 526 1948 conciderit
548 1901 682 1966 eorpus,
700 1880 825 1964 penitus
847 1881 923 1963 quia
945 1886 1033 1945 ructa
1054 1879 1125 1944 loco
1147 1881 1222 1942 sunt

352 1999 577 2072 fundamenta,
593 1995 681 2062 toras
703 2001 854 2062 rrranante
877 1995 984 2060 anima
1007 2012 1108 2076 usquc
1130 2011 1187 2076 per
1209 1997 1300 2056 artus

352 2132 472 2199 perque
493 2111 616 2179 viarum
640 2110 743 2176 curnis
765 2110 887 2193 flexus,
902 2111 935 2174 in
959 2128 1092 2194 corpore
1115 2106 1169 2188 qui
1192 2113 1289 2190 sunt,

353 2235 448 2310 atque
471 2226 656 2291 foramina?
672 2224 866 2290 multimodis
888 2229 922 2286 ut
943 2242 1077 2290 noscere
1099 2221 1205 2306 possis

353 2341 552 2426 dispertitam
576 2341 704 2405 auinrae
726 2347 871 2404 naturam
896 2339 1001 2404 exisse
1023 2357 1081 2421 per
1103 2343 1211 2411 artus,

279 2477 329 2525 590
354 2464 386 2522 et
407 2456 496 2540 prins
519 2475 589 2520 esse
612 2453 672 2519 sibi
695 2453 880 2518 distractam
903 2471 1036 2536 corpore
1058 2453 1091 2516 in
1114 2451 1206 2533 ipsu,

354 2593 448 2654 quarn
471 2569 623 2654 prolapsa
646 2569 732 2634 seras
755 2575 864 2632 enaret
886 2567 1026 2632 inseris
1049 2585 1162 2630 auras.

354 2685 430 2768 quin
453 2684 547 2749 etiarn
572 2683 643 2747 finis
666 2683 743 2747 duru
765 2682 851 2748 vitae
872 2683 1002 2748 vertitur
1025 2681 1129 2755 intra,

292 2831 295 2838 ·
354 2821 450 2884 saepe
474 2798 583 2881 aliqua
604 2803 715 2862 tamen
736 2816 755 2862 e
778 2818 876 2862 causa
899 2796 1060 2862 tabefacta
1082 2795 1209 2858 videtur

353 2915 400 2981 ire
424 2914 531 2978 anirna
553 2933 593 2978 ac
614 2919 680 2978 tcto
703 2913 785 2978 sciui
809 2911 850 2978 de
874 2931 1008 2996 corpore
1030 2909 1135 2987 velle,

279 3051 329 3098 cca
355 3036 387 3096 et
409 3029 500 3112 quasi
524 3049 673 3114 supremo
698 3027 909 3109 languescere
930 3032 1073 3110 tempore
1094 3024 1221 3099 voltus,

354 3145 526 3226 molliaque
549 3143 705 3225 exsangui
726 3148 836 3206 trunco
859 3141 976 3206 cadere
998 3139 1105 3204 omnia
1126 3139 1292 3204 membra.

356 3259 442 3342 quod
464 3279 565 3342 genus
591 3265 658 3340 est,
675 3259 781 3322 animo
805 3258 890 3322 rnate
912 3256 1031 3320 facturn
1054 3276 1124 3321 curn
1149 3253 1342 3340 perhibetur

356 3382 412 3438 aut
434 3375 572 3438 animam
597 3372 750 3454 liquisse3
766 3372 818 3436 ubi
842 3373 904 3437 iarn
928 3371 1106 3456 trepidatur
1127 3375 1159 3433 et
1181 3385 1296 3433 omnes

357 3496 532 3554 extremum
556 3488 686 3577 eupiunt
707 3488 792 3553 vitae
816 3486 1073 3572 repraehendere
1095 3483 1253 3548 vinclum:

281 3624 331 3670 ccc
356 3609 587 3686 conquassatur
609 3602 693 3668 enim
715 3609 781 3668 turn
805 3623 895 3670 ruens
916 3602 1109 3682 animasque
1132 3603 1277 3682 potestas

357 3721 460 3786 omnis
472 3768 480 3802 ,
498 3726 530 3784 et
551 3718 633 3784 haec
655 3720 725 3801 ipsc
748 3739 817 3784 cnm
842 3739 973 3802 corpore
996 3715 1132 3782 conlsbe
1154 3715 1253 3795 fiunt;

356 3843 390 3900 ut
412 3834 539 3918 gravior
561 3834 656 3917 paulo
680 3835 782 3918 pessit
804 3833 979 3900 dissolvere
1003 3851 1118 3897 causa.

359 3950 434 4032 quid
458 3948 585 4014 dubitas
606 3949 736 4014 tandem
759 3947 834 4030 quin
858 3955 949 4012 extra
971 3947 1100 4031 prodita
1123 3963 1237 4030 corpus

358 4131 558 4142 ο---ι--μ-ι

361 4255 413 4303 574
431 4250 491 4301 Sese
509 4251 596 4302 anima
615 4247 628 4319 ΙΙ
649 4253 699 4301 tid
720 4251 791 4312 Quae
812 4249 826 4320 Η
845 4253 896 4301 578
916 4249 1007 4301 satiare
1026 4247 1040 4317 Η
1062 4249 1113 4299 580
1131 4259 1228 4310 neqnea
1248 4241 1262 4314 ΙΙ
1283 4246 1334 4294 582
1355 4261 1390 4296 ea
1403 4247 1453 4295 imo
1470 4242 1480 4308 p

362 4341 413 4390 583
428 4339 512 4388 anirua
525 4340 594 4389 eius.
616 4338 629 4415 ΙΙ
651 4343 700 4388 586
714 4349 819 4389 arenant
832 4340 982 4401 animaeque
1002 4337 1015 4404 ΙΙ
1036 4339 1087 4386 594
1101 4349 1206 4400 corpore
1219 4333 1308 4382 omnia
1318 4337 1452 4385 membra.
1470 4378 1481 4397 ,,

361 4429 411 4481 596
431 4429 552 4492 eassrrgrri
574 4427 587 4495 tt
607 4435 696 4478 trunco
716 4428 856 4478 omissam.
877 4429 890 4494 ΙΙ
912 4429 961 4476 597
981 4425 1094 4490 peribet.
