3110 5146
317 367 382 432 een
846 365 891 431 vr

317 539 409 602 euius
424 536 605 602 Prebianae
619 537 790 620 vestigium
808 535 1002 602 remansisse
1020 535 1223 620 suspieentur,
1239 536 1281 602 ad
1295 556 1411 604 versure

317 640 423 725 ipsum
452 638 685 706 emendandum
712 639 789 704 milri
815 639 987 722 quiequam
1014 637 1170 723 prolicere
1195 638 1411 706 videbitur.iu

317 762 380 826 que
402 741 541 826 primum
556 741 631 826 lteli
655 745 740 807 reete
763 741 959 826 seripserunt
973 741 1008 806 eir
1030 760 1207 808 sannen.
1223 746 1288 806 turn
1302 761 1412 807 eerrne

317 851 367 908 ter
393 841 542 927 quadrati
569 857 714 926 manent,
731 843 890 909 Antonius
917 841 1009 908 ilarii
1039 847 1073 909 et
1098 841 1254 908 Marullus
1282 845 1414 928 mirream

317 965 452 1032 querum
474 943 555 1010 illud
571 945 760 1012 sententiam
776 944 951 1030 pervertit,
968 944 1029 1011 hee
1049 951 1107 1012 aut
1121 945 1270 1012 Latinum
1292 966 1353 1011 nen
1371 953 1415 1012 est
1493 1015 1495 1018 ,

317 1050 407 1135 (narn
427 1049 512 1114 mirre
535 1054 568 1114 et
586 1049 691 1114 mr'rrer
711 1053 839 1113 veteres
854 1047 887 1112 in
912 1065 978 1114 nna
993 1045 1174 1132 eademque
1188 1046 1415 1132 signifieatinue

317 1151 487 1238 protulisse
508 1149 674 1216 Priseiane
697 1147 890 1216 eredendum
913 1169 979 1216 nen
1001 1155 1070 1232 est,
1086 1167 1182 1233 quern
1205 1151 1416 1218 interminatae

317 1252 522 1339 partieipium
539 1251 669 1336 refellit)
682 1301 691 1335 ,
706 1257 764 1316 ant
784 1251 819 1316 ie
841 1251 983 1336 pellendi
1004 1250 1242 1335 significatione
1265 1252 1347 1319 ruris
1366 1271 1416 1338 pe
1510 1241 1511 1274 ¹

316 1356 378 1422 tius
401 1373 497 1439 quarn
525 1353 614 1421 urbis
628 1403 635 1418 .
651 1353 694 1418 ab
724 1353 785 1420 hee
811 1352 930 1420 fantum
959 1355 1099 1422 eminere
1125 1353 1233 1420 lerina
1254 1353 1416 1438 ignorant,

316 1463 495 1541 agneseunt
522 1457 658 1522 Antrum
687 1457 905 1540 apestolorum
937 1455 1136 1541 exemplaria
1162 1455 1281 1522 Latina
1314 1476 1417 1542 peran-

316 1561 408 1645 tiqua
429 1556 738 1644 xv111,21.ridienli
760 1564 835 1625 sunt
859 1558 913 1643 qui
941 1565 998 1624 ant
1026 1577 1085 1644 per
1106 1557 1222 1624 tmeain
1242 1558 1417 1644 aenipient‚

317 1664 475 1728 Inmr‘eerre
488 1663 627 1743 clinare,
640 1665 697 1726 aut
709 1661 828 1726 minere
838 1679 860 1725 a
870 1679 906 1727 se
921 1661 1017 1726 ethin
1030 1666 1063 1727 et
1077 1660 1110 1725 in
1125 1677 1221 1726 versu
1240 1659 1324 1728 1195
1335 1659 1417 1726 resti·

316 1771 417 1830 tutem
440 1763 637 1848 gloriantur,
654 1761 796 1828 ‘verbum
812 1762 958 1849 simplex’
975 1781 1076 1847 sane,
1092 1763 1152 1830 sed
1166 1785 1268 1832 sensu
1283 1783 1418 1844 eurum,
1510 1771 1511 1816 l

316 1867 401 1952 qued
425 1866 569 1932 hemines
584 1864 668 1930 dneti
691 1865 726 1930 in
741 1863 886 1931 Sallustii
906 1864 1014 1932 verbis
1029 1885 1051 1931 a
1065 1867 1173 1934 Nonio
1188 1887 1220 1952 p.
1230 1867 1340 1951 555st
1354 1885 1419 1932 een·

316 1969 451 2053 signetis
475 1967 642 2035 ferendum
660 1985 725 2033 nen
747 1967 990 2034 existimarunt.
1006 1969 1107 2034 multe
1130 1969 1246 2048 melius
1269 1965 1418 2051 estquod
1510 1963 1511 2036 i

317 2073 392 2137 Pius
414 2069 524 2154 dedit,
541 2071 701 2136 Inelr‘neta
717 2070 857 2152 micant,
874 2067 909 2134 id
931 2075 981 2135 est
1007 2069 1129 2138 saliunt
1154 2077 1187 2137 et
1208 2075 1419 2152 tremeseunt3

316 2174 378 2240 nisi
391 2172 480 2258 qued
494 2173 612 2238 melaro
627 2171 660 2236 in
676 2170 783 2254 igneis
797 2175 920 2237 tantum
936 2171 989 2238 vel
1011 2173 1162 2239 animatis
1177 2173 1287 2240 lneum
1309 2173 1419 2240 hahere
1510 2191 1511 2250 r

316 2275 464 2362 existimo
478 2323 487 2341 .
502 2293 622 2358 quare,
639 2291 708 2338 num
724 2271 777 2338 hie
791 2271 878 2356 qued
893 2277 1013 2340 eertum
1024 2275 1067 2341 sit
1081 2274 1162 2340 nihil
1173 2273 1326 2360 videam,
1342 2273 1419 2340 mein
1510 2263 1511 2300 ¹

316 2379 448 2444 eredere
463 2375 647 2443 Lueretium
669 2393 728 2440 sue
751 2381 783 2440 et
804 2381 880 2460 epto
896 2371 1054 2444 venabulo
1076 2377 1248 2462 scripsisse
1268 2379 1421 2446 Inclinato

316 2502 437 2545 anans
460 2482 495 2546 ie
516 2477 647 2545 eandem
662 2476 795 2564 predita
812 2491 957 2563 pestem.
1138 2525 1140 2528 -
1510 2497 1511 2556 l

400 2583 474 2650 565.
498 2583 549 2648 ils
571 2600 765 2645 annuens.
787 2577 954 2665 oblongus
978 2581 1022 2647 Te
1047 2595 1206 2666 metuent,
1229 2579 1421 2651 Veronensis
1510 2575 1511 2642 i

316 2683 415 2750 editio
441 2687 483 2752 Te
504 2685 653 2750 metirent.
1510 2751 1511 2780 1

402 2787 475 2855 568.
500 2785 607 2866 Quen
641 2805 714 2848 ursr
745 2803 951 2848 aasrrnanr
985 2805 1116 2850 vaurrs
1143 2807 1263 2852 nunes
1295 2805 1421 2852 nunan-
1510 2791 1511 2876 ᾗ

315 2910 389 2954 aran
427 2890 501 2955 lina
542 2909 664 2960 neuun
703 2909 748 2952 sa
789 2908 917 2952 sarire
958 2907 1085 2952 nessus
1131 2907 1421 2955 nurussuansns

315 3013 471 3058 enarre.
488 2990 672 3072 Quadratus
694 2990 793 3076 effert
813 3005 874 3057 met
887 2992 952 3056 Res
973 3013 1029 3056 nee
1044 3017 1104 3078 qrre
1125 2994 1185 3074 eb,
1201 2990 1366 3076 oblongus
1379 3011 1421 3054 re·

313 3093 741 3180 pretendereentir.vsnrr
767 3098 800 3158 el
826 3113 1020 3158 sennaser
1045 3093 1141 3160 Itali.
1157 3099 1224 3160 ium
1249 3091 1421 3160 Brixieusis

316 3196 464 3263 editiori
481 3197 593 3279 eleth,
610 3215 670 3262 nee
689 3196 787 3261 multe
803 3195 916 3261 melius
939 3194 1174 3262 adorationem
1190 3191 1421 3263 absolvendum

317 3298 390 3364 Itali
412 3322 475 3364 een
496 3299 585 3381 elles,
602 3297 719 3366 laetum
737 3297 780 3362 ad
795 3297 978 3382 exemplum
993 3316 1106 3364 versus
1125 3298 1158 3363 in
1173 3319 1195 3382 r,
1207 3297 1294 3381 850,
1310 3295 1363 3364 ubi
1378 3297 1422 3358 est
1510 3283 1511 3376 i

316 3425 416 3488 neque
437 3401 476 3466 ab
491 3402 587 3467 entire
602 3425 653 3467 ree
667 3401 737 3466 ella
758 3398 919 3486 refrenet.
935 3399 988 3466 hie
1003 3397 1224 3466 Wakefieldus
1246 3397 1348 3466 valde
1361 3397 1421 3462 iau·

316 3501 443 3568 dandus
465 3507 534 3587 est,
550 3501 605 3586 qui
622 3501 789 3568 verissime
804 3500 943 3568 eorrexit
957 3499 1129 3569 seribendn
1145 3523 1205 3567 vrs
1219 3485 1316 3569 nelle
1329 3498 1420 3586 refre-

317 3618 368 3671 net
388 3605 473 3671 Res.

400 3707 474 3774 574.
497 3707 549 3772 En
564 3726 715 3771 neernrr
730 3726 923 3771 enotares
938 3725 1029 3770 sens
1051 3727 1087 3770 ru
1102 3727 1280 3772 eonnsna
1296 3723 1420 3770 sanas.

316 3812 356 3878 ln
368 3809 513 3896 pendere
527 3808 725 3895 quadratus,
742 3812 777 3876 r‘n
794 3809 936 3896 pendere
951 3807 1109 3891 oblongus
1128 3814 1161 3874 et
1175 3808 1251 3876 Itali
1267 3805 1421 3894 impressi·

317 3931 380 3996 que
394 3911 468 3978 libri
481 3961 488 3976 .
501 3913 657 3999 prolapsa
678 3913 713 3979 in
729 3911 875 4000 peredere
897 3917 946 3978 eal
968 3909 1010 3976 ab
1033 3909 1119 3976 omni
1142 3915 1235 3996 parte
1257 3911 1293 3977 in
1311 3923 1420 3993 aequa·
1510 3915 1511 3940 ³

317 4015 363 4080 lia
384 4013 530 4099 pondera
550 4013 724 4101 prolapsa,
741 4009 788 4094 εἰς
811 4007 1029 4102 ἰσορροπίαν.
1045 4013 1094 4078 ita
1113 4012 1286 4080 Turnebus
1317 4013 1350 4078 in
1371 4007 1420 4075 ed·
1510 4063 1511 4072 ,

317 4115 471 4182 versariis
486 4137 528 4202 rr,
544 4117 582 4181 17
600 4113 795 4182 Ouidianum
810 4117 891 4184 illuri
903 4117 1130 4202 interpretatur
1144 4115 1177 4180 in
1189 4121 1319 4182 metam.
1336 4135 1357 4198 r,
1372 4111 1420 4194 13,
1510 4105 1511 4110 ’

316 4219 383 4286 Nee
394 4221 513 4285 er'reum
514 4220 598 4305 fuse
604 4218 763 4306 pendebat
773 4220 807 4284 r'n
818 4230 892 4285 altre
901 4219 993 4285 telins
1005 4217 1204 4286 Pendet-ibae
1215 4217 1335 4284 intrare
1345 4215 1419 4281 rar'e.

317 4321 364 4388 ire
374 4321 542 4388 Lueretius
557 4321 591 4386 in
605 4341 639 4405 11,
649 4321 712 4386 218
728 4321 870 4408 Oerpere
883 4345 954 4388 eum
968 4319 1114 4387 deorsum
1128 4333 1245 4386 rentum
1256 4343 1318 4407 per
1332 4319 1421 4384 inane

307 4424 485 4509 feruutur,
501 4423 699 4489 Ponderibus
707 4423 857 4510 propriis
878 4425 997 4488 incerte
1017 4435 1152 4509 tempere
1156 4421 1265 4508 ferme
1280 4417 1419 4487 lemel-

317 4549 376 4610 qree
388 4525 452 4591 leer'
459 4525 573 4612 epatriir
586 4523 736 4592 devellere
748 4524 884 4611 pertinen
897 4573 905 4588 .
920 4524 1068 4592 heraeus
1080 4523 1114 4590 iu
1125 4545 1146 4610 1,
1154 4523 1196 4590 57
1212 4522 1359 4590 Aeeten
1368 4519 1420 4586 le·
1510 4571 1511 4582 ,
