3096 5142
656 403 701 468 1v
1168 405 1230 471 227

115 631 118 638 .
135 579 322 640 oonsonants
333 593 445 640 versus
458 573 584 640 Horatii
594 572 703 658 labat,
726 575 891 662 Virumque
902 576 959 642 sud
971 575 1043 641 divo
1054 589 1083 641 at
1097 575 1231 662 trepidat

134 689 222 762 opat:
236 695 311 741 nam
327 677 470 742 inversu
486 676 539 743 dio
556 689 584 742 et
598 677 651 742 vel
666 675 723 742 dia
738 689 767 742 st
780 676 931 744 vitiosum
946 697 1018 744 esse
1032 675 1171 744 vidimus
1186 675 1230 756 ad

133 778 238 844 librum
254 801 299 862 111,
312 779 395 845 314.
411 780 444 844 in
457 777 582 844 Afranii
598 779 727 845 senario
743 779 808 864 (est
823 779 907 845 enim
921 779 1004 846 inter
1019 781 1127 865 plures
1142 779 1230 866 apud

133 883 262 947 Nonium
276 902 310 969 p.
322 882 394 965 207,
411 881 466 964 33)
489 879 587 946 miror
602 899 674 946 osse
689 880 833 948 Solantur
854 883 1039 968 intempesta
1059 896 1152 950 nouo
1173 883 1230 948 sal>

132 983 215 1067 diuo,
230 984 336 1067 magis
348 984 447 1048 miror
462 983 574 1049 duotos
590 981 697 1050 fauere
718 983 775 1047 aab
791 982 864 1067 dio,
880 983 967 1068 quod
983 985 1025 1050 ab
1041 987 1143 1052 altero
1165 971 1232 1052 non'

132 1085 251 1152 differt:
267 1086 327 1153 sed
350 1085 427 1169 quid
446 1084 617 1152 Afranium
638 1083 788 1169 posuisse
810 1083 916 1150 dicam
939 1107 1004 1154 non
1026 1087 1152 1170 habeo,
1169 1087 1230 1153 nisi

132 1187 206 1255 iorte
227 1190 285 1254 rub
307 1190 398 1254 nivo.
413 1179 632 1274 perturbatum
648 1187 787 1252 Phaedri
804 1188 958 1254 Perottini
981 1209 1109 1256 versum
1124 1191 1176 1276 31,
1191 1191 1229 1254 11

130 1311 188 1356 non
202 1311 299 1376 euro,
317 1291 373 1375 qui
388 1291 434 1356 itu
447 1289 584 1375 scriptus
600 1288 725 1374 editur,
742 1290 896 1356 Nouanus
911 1293 945 1358 irs
959 1315 1144 1381 eampopar
1155 1296 1229 1378 tibi,

13 1413 15 1442 ι
131 1392 182 1460 rad
195 1419 263 1459 eum
278 1393 402 1459 subdio
415 1440 422 1456 .
438 1391 602 1475 mudule,
620 1391 773 1476 quoniam
784 1391 933 1460 subdival
945 1413 1074 1478 quoquo
1085 1415 1157 1464 osse
1169 1397 1230 1463 fer-

130 1503 193 1580 tur,
207 1495 364 1581 produute
386 1493 557 1561 dicendum
580 1494 749 1578 existimo,
766 1495 913 1578 quamvis
936 1496 971 1562 in
993 1495 1121 1572 flamine
1136 1499 1234 1570 Diali

130 1603 188 1664 tam
209 1597 318 1665 brevis
340 1598 384 1664 sit
397 1597 525 1684 syllaba
546 1615 643 1680 quam
658 1598 692 1662 in
714 1597 894 1664 consulibus
911 1599 1069 1684 sisuldus,
1085 1601 1230 1685 quisunt

16 1758 19 1773 ,
128 1699 158 1764 in
171 1701 258 1784 iouo,
275 1708 375 1786 atque
390 1701 424 1765 in
438 1699 624 1768 novonds‘rdi
634 1697 789 1784 pulvere.
805 1699 879 1766 dius
893 1699 1088 1770 adieetivum
1102 1723 1231 1790 semper

15 1805 19 1859 ¹.
128 1802 328 1888 producitur.
345 1804 453 1887 itaque
457 1803 580 1890 sulpur
591 1801 699 1883 diam,
715 1801 755 1866 de
767 1820 832 1884 quo
844 1804 1025 1887 nuperrimo
1036 1805 1117 1871 dixit
1127 1807 1230 1872 Theo·

129 1903 218 1971 dorus
241 1908 471 1972 Mommsenius
497 1905 530 1971 in
559 1903 732 1970 annalibus
760 1903 921 1970 sooietutis
944 1905 1123 1990 Lipsiensis
1149 1909 1229 1978 1849

16 2040 17 2050 ι
129 2028 155 2092 p.
167 2008 247 2092 292,
264 2027 461 2094 quamquam
472 2007 621 2073 diurnum
634 2013 702 2088 est,
719 2007 937 2094 tamon-etiam
949 2006 1052 2074 dromo
1063 2009 1228 2094 scribitur,

129 2112 242 2178 seilicet
263 2111 411 2196 lovium,
427 2129 533 2194 neque
560 2109 675 2176 eadem
701 2108 880 2190 quantitate
907 2115 981 2176 sunt
1002 2109 1160 2178 adverbia
1170 2109 1230 2197 ‚ut

129 2213 195 2280 dias
216 2219 295 2298 (quo
311 2213 464 2279 Titinium
479 2231 572 2278 usum
588 2229 660 2276 esse
674 2208 839 2276 Charisius
858 2209 957 2277 refert
977 2232 1009 2296 p.
1025 2213 1098 2293 185)
1111 2263 1119 2299 ,
1134 2217 1230 2282 inter·

128 2313 213 2398 diua,
228 2315 349 2381 nudior
364 2315 504 2382 tribreve
516 2361 524 2378 .
538 2311 672 2399 pardr'ar
693 2310 743 2378 his
759 2313 1036 2382 adnumerandum
1059 2323 1158 2402 puto:
1174 2317 1230 2384 ad-

127 2417 234 2485 ieetive
250 2417 370 2504 perdta
390 2437 487 2502 quam
509 2423 595 2484 reete
616 2435 722 2500 quove
744 2423 877 2482 aooontu
892 2417 1069 2504 lippuleius
1092 2419 1228 2506 dixerit,

127 2517 256 2602 ignoro.
270 2520 407 2608 prodam
430 2519 584 2586 Varronis
606 2517 707 2603 (apud
729 2519 868 2595 Nonium
891 2541 922 2605 p.
933 2521 988 2601 47)
1011 2521 1138 2589 differt:
1154 2542 1229 2590 nam

128 2621 240 2688 amedu
250 2621 390 2710 prodita
411 2627 461 2688 est
480 2621 559 2686 illue
568 2620 736 2708 prodeedr't
755 2622 912 2708 amplius.
928 2621 1068 2708 deniquo
1084 2625 1161 2692 dous
1175 2626 1230 2693 Fr·-

128 2722 194 2788 dr'us
216 2725 264 2808 (in
282 2722 436 2788 Varronis
458 2723 500 2789 do
518 2722 634 2806 lingna
648 2722 765 2788 Latina
779 2745 800 2785 v
822 2745 853 2808 p.
865 2723 907 2790 58
922 2725 1126 2794 Florentinus
1142 2727 1232 2815 apud

127 2825 226 2892 ardun
241 2825 282 2892 do
297 2827 313 2892 ι’
325 2823 454 2911 deflui)
476 2843 548 2890 oum
564 2823 638 2890 diua
652 2823 768 2891 Fidias
787 2824 923 2909 dieitur,
940 2827 956 2892 r·
967 2829 1122 2912 producto
1137 2829 1229 2896 effer·

127 2933 190 3012 tur,
206 2928 241 2994 in
255 2927 411 2993 Asinaria
426 2925 532 2992 Plauti
548 2936 572 3010 1,'
585 2927 612 3010 1,
625 2925 645 2992 8
661 2925 726 2992 Per
741 2925 829 2992 dium
844 2927 974 2994 Fidium
996 2931 1125 3015 quomis
1138 2979 1146 2996 .
1161 2931 1229 2998 scio

15 3047 16 3080 t
127 3029 249 3111 quidem
272 3048 338 3095 non
352 3028 458 3094 nullos
474 3047 585 3094 eorum
600 3027 653 3111 qui
669 3026 832 3094 (iiooronis
849 3029 890 3096 de
905 3036 1032 3096 oratore
1047 3031 1148 3098 libros
1165 3031 1230 3099 odi·

14 3157 16 3218 3
127 3129 235 3198 derunt
249 3132 286 3197 in
300 3149 334 3215 n,
346 3129 410 3196 274
432 3151 545 3197 versus
568 3128 725 3214 quosdam
740 3131 886 3198 mimiuos
909 3137 974 3197 tam
989 3153 1143 3217 perverse
1166 3135 1229 3202 dis-

15 3261 17 3330 ι
127 3234 255 3301 tinxisse
271 3282 279 3316 ‚
295 3232 581 3318 utmedr'asfidr'as
591 3253 650 3318 pro
666 3239 845 3317 anapaesto
858 3239 890 3299 et
904 3232 1034 3320 daotylo
1050 3245 1156 3304 osset:
1171 3236 1230 3304 sed

16 3407 17 3412 ,
127 3335 261 3402 editores
278 3334 444 3402 Oiooronis
458 3335 605 3420 plerique
620 3335 681 3402 sibi
697 3341 800 3402 metra
814 3336 966 3419 ignorare
988 3345 1082 3424 turpe
1094 3358 1160 3406 uon
1175 3359 1231 3426 pu·

15 3449 17 3524 t
51 3483 54 3490 -
127 3431 542 3522 tant‚qniin1deolfioiis
561 3437 609 3522 18,
622 3438 683 3522 60,
700 3445 735 3503 ut
757 3437 818 3504 hoo
833 3458 898 3504 uno
918 3441 1066 3525 exemplo
1082 3441 1174 3528 utar,
1190 3461 1246 3509 ex.

15 3527 16 3542 ¹
128 3540 242 3624 optimo
257 3538 460 3624 septenario,
477 3539 531 3623 qui
546 3545 595 3606 ust
609 3539 702 3606 huius
717 3539 826 3624 modi,
849 3543 909 3608 Vde
924 3545 1006 3609 aazia
1020 3544 1147 3610 iuvenes
1162 3545 1231 3610 stoi-

15 3629 17 3656 '
126 3665 205 3708 mum
224 3643 338 3728 peritia
352 3641 555 3725 multem,
570 3641 630 3708 itti
646 3644 740 3733 ur'rpd
751 3646 820 3710 oiri
827 3695 835 3727 ,
853 3643 1000 3710 heroioos
1019 3645 1133 3730 pingui
1149 3645 1232 3730 podo

15 3759 17 3828 ξ
127 3743 355 3826 palimbaoolrio
371 3733 559 3828 distinutos,
576 3743 642 3827 ita,
658 3744 725 3810 Illa
747 3746 955 3833 adaperiri,
971 3767 1032 3814 sua
1051 3753 1122 3814 arte
1144 3745 1232 3814 effin-

127 3863 199 3926 gere
220 3867 286 3912 non
308 3847 523 3914 orubesuant.
547 3845 600 3918 isti
623 3847 774 3914 versieuli
802 3848 922 3917 mimioi
943 3849 991 3915 sio
1012 3849 1232 3933 distinguendi

127 3955 215 4033 sunt,
231 3947 312 4036 quid
326 3951 446 4016 eot'tt'bi
457 3955 522 4014 tota
535 3948 651 4014 moliar
663 3949 677 4013 2
691 3954 794 4017 duur.
811 3949 936 4018 Similis
947 3975 995 4018 ma
1010 3951 1084 4018 dius
1095 3951 1233 4017 Fidius:

127 4047 271 4118 dicuntur
292 4057 436 4118 autema
451 4052 492 4118 ll.
508 4050 616 4116 'l'ullio
637 4051 831 4116 subabsurde·
837 4099 847 4134 ,
863 4051 941 4136 quia
954 4051 1131 4120 similitudo
1146 4052 1233 4138 oris,

127 4169 206 4233 quae
228 4153 261 4218 in
283 4172 394 4220 sorore
415 4154 521 4220 looum
543 4151 664 4235 habet,
685 4152 820 4238 ridicule
843 4153 876 4218 in
905 4173 1006 4219 uxore
1028 4156 1233 4240 agnoscitur.

207 4255 279 4322 212.
315 4275 434 4320 cunno
468 4275 684 4320 sunnnsnns
722 4276 861 4320 suanus
898 4255 1040 4322 Srnnns
1072 4279 1234 4322 sessos·

127 4373 217 4420 onan
243 4379 279 4422 ns
306 4379 407 4430 sous
435 4377 642 4422 sanrsnrra
670 4378 812 4429 nosos.
833 4358 953 4424 Durum
981 4357 1109 4425 dioendi
1131 4377 1234 4441 genus

128 4473 229 4540 nequo
264 4459 512 4544 Lucretianum,
542 4459 650 4526 sidera
685 4463 720 4526 r'o
758 4484 845 4547 aqua
880 4459 1067 4547 responderat
1102 4457 1234 4542 maadi,

129 4559 242 4626 omisso
264 4561 423 4630 sidentur
445 4560 578 4628 dativo:
594 4579 669 4628 nam
691 4561 800 4628 sidero
814 4560 930 4626 maadi
948 4567 983 4626 ut
1003 4561 1235 4644 oouiungamus

969 4662 1035 4726 15*
