2996 5148
345 473 407 537 238
887 467 930 531 VI

344 641 426 724 ignis
450 641 523 704 item
547 639 701 720 liquidum
725 639 803 706 lacit
824 661 880 706 aes
904 661 1080 723 armumque
1101 643 1252 726 resolvit,

346 763 379 821 at
403 756 490 820 coria
512 763 543 818 et
565 773 693 818 carnem
717 756 816 820 trahit
838 761 869 818 et
892 756 1040 820 conducit
1062 757 1093 819 in
1118 777 1234 821 unum.

345 890 435 934 umor
457 889 563 950 aquae
585 890 680 953 porro
704 869 822 933 ierrrrm
845 871 999 935 condurat
1020 871 1063 934 ab
1086 871 1172 955 igni,

345 992 377 1049 at
399 983 487 1048 coria
510 989 542 1048 et
563 1003 687 1049 carnem
712 983 814 1047 mollit
835 983 950 1047 durata
972 985 1100 1049 calore.

270 1099 532 1183 ero'barbigeras
555 1099 695 1163 oleaster
717 1119 755 1164 eo
779 1098 992 1179 iuratusque
1017 1099 1180 1183 capellas,

345 1213 457 1278 effluat
479 1214 658 1278 ambrosiae
682 1214 773 1295 quasi
797 1231 874 1277 vere
897 1221 928 1277 et
950 1215 1079 1278 nectari'
1102 1215 1235 1297 linctus3

345 1349 410 1412 qua
434 1329 477 1392 nil
500 1335 550 1393 est
573 1327 692 1391 bomini
717 1327 801 1410 quod
825 1327 956 1391 amariu'
980 1327 1130 1394 frondeat
1152 1347 1249 1393 esca.

344 1443 481 1525 denique
504 1443 721 1507 auraraeinum
746 1441 862 1526 fugitat
884 1463 939 1507 sus
962 1451 993 1506 et
1015 1445 1104 1508 timet
1126 1463 1221 1508 omne

344 1565 539 1638 ungentum:
558 1579 632 1622 nam
655 1558 823 1642 saetigeris
846 1559 945 1622 subus
968 1578 1042 1622 acre
1065 1565 1274 1636 venenumst;

270 1693 320 1740 ors
347 1671 433 1754 quod
455 1695 514 1738 nos
535 1673 617 1736 inter
639 1672 713 1737 dum
737 1680 803 1736 tam
828 1693 923 1756 quam
946 1693 1094 1738 recreare
1116 1671 1263 1736 videtur.

345 1793 380 1852 at
401 1795 511 1852 contra
534 1787 627 1851 nobis
650 1805 782 1852 caenum
806 1787 991 1853 taeterrima
1013 1809 1083 1853 curn
1106 1787 1148 1852 sit

345 1901 531 1986 spurcities,
549 1899 662 1966 eadem
686 1901 786 1966 subus
807 1901 890 1967 haec
912 1903 1052 1966 iucunda
1074 1901 1220 1979 videtur,

342 2015 567 2081 insatiabiliter
589 2015 646 2079 toti
669 2023 704 2080 ut
727 2018 894 2082 volvantur
917 2017 1056 2082 ibidem.

385 2131 454 2196 Hoc
475 2132 572 2195 etiarn
595 2151 691 2215 super
714 2139 781 2206 est,
798 2131 869 2216 ipsa
892 2153 986 2214 quam
1012 2132 1118 2197 dicere
1141 2132 1182 2196 de
1205 2151 1241 2195 re

268 2267 320 2314 erro
345 2244 518 2328 adgredior
540 2245 624 2327 quod
648 2243 816 2310 dicendum
840 2247 929 2331 prius
951 2269 1024 2314 esse
1048 2245 1189 2312 videtur.

343 2360 442 2422 multa
465 2359 625 2423 foramina
648 2380 718 2423 cum
740 2361 838 2426 variis
860 2363 925 2426 sint
946 2363 1072 2427 reddita
1094 2363 1210 2442 rebus,

344 2471 489 2538 dissimili
512 2474 594 2538 inter
616 2495 651 2537 se
674 2481 789 2538 natura
811 2477 957 2558 praedita
980 2477 1099 2543 debent

344 2607 417 2652 esse
439 2595 470 2651 et
491 2587 609 2653 babere
631 2609 722 2654 suam
746 2595 891 2654 naturam
915 2611 1063 2674 quaeque
1086 2592 1240 2673 viasque.

344 2701 462 2787 qnippe
484 2703 599 2769 etenim
622 2704 701 2768 varii
724 2725 838 2769 sensus
862 2706 1078 2770 animantibus
1099 2707 1225 2789 insunt,

268 2835 318 2883 999
345 2837 479 2898 quorum
503 2818 638 2900 quisque
661 2839 750 2884 suam
772 2821 901 2904 proprie
924 2839 989 2882 rem
1012 2821 1148 2906 percipit
1169 2821 1200 2884 iu
1224 2841 1285 2886 se:

345 2951 417 2996 naru
440 2940 610 3017 penetrare
632 2933 696 2998 alio
720 2935 842 3000 sonitus
866 2934 995 3016 alioque
1019 2952 1167 3018 saporem
1197 3019 1202 3032 .

343 3047 500 3114 ceruimus
524 3067 542 3114 e
566 3049 670 3132 sucis,
687 3049 752 3113 alio
775 3048 897 3114 nidoris
920 3047 1056 3113 odores.

268 3179 315 3227 sar
343 3167 513 3245 praeterea
536 3183 667 3228 manare
690 3162 781 3228 aliud
804 3183 860 3248 per
883 3183 964 3229 saxa
985 3161 1132 3238 ridetur,

342 3281 438 3357 atque
461 3278 549 3342 aliud
573 3279 688 3360 lignis,
704 3277 791 3343 aliud
813 3279 949 3344 transire
973 3297 1184 3362 perdurum,

343 3398 542 3472 argentoque
564 3393 650 3457 foras
673 3393 760 3458 aliud
782 3395 929 3474 vitroque
951 3411 1079 3457 meere:

345 3525 417 3568 uam
440 3503 539 3570 fluere
562 3505 623 3570 hae
645 3509 791 3592 speeies,
807 3507 885 3571 illac
907 3507 995 3571 calor
1018 3506 1065 3572 ire
1087 3505 1232 3590 ridetur,

268 3639 318 3686 999
343 3625 440 3700 atque
462 3621 533 3686 aliis
556 3621 636 3686 aliut
658 3622 750 3687 citius
771 3621 987 3686 transmittere
1010 3620 1144 3685 cadem.

343 3733 484 3812 scilicet,
501 3734 535 3799 id
559 3736 625 3800 lieri
649 3737 735 3818 cogit
756 3743 869 3801 natura
891 3736 1013 3802 riarum

345 3847 538 3914 multimodis
560 3850 708 3928 varians,
724 3857 759 3916 ut
780 3851 875 3936 paulo
899 3851 1095 3915 ostendimus
1118 3855 1213 3926 aute,

268 3979 318 4028 999
343 3969 473 4046 propter
495 3963 682 4031 dissimilem
704 3971 851 4032 naturam
874 3971 1026 4048 textaque
1049 3983 1173 4028 rerum.

344 4147 544 4156 ——--—-—.-—.

348 4265 398 4314 969
423 4265 519 4314 calori.
544 4263 559 4334 ΙΙ
585 4269 632 4316 971
660 4267 798 4317 ambrosias
822 4264 836 4334 li
861 4285 920 4318 vero
945 4275 971 4318 et
995 4275 1095 4317 nectam
1118 4267 1227 4316 tinctus.
1252 4261 1268 4336 ΙΙ
1299 4271 1350 4316 979
1374 4265 1455 4315 marin-⁴

346 4350 466 4400 srondeuc
485 4361 586 4403 exscet.
611 4351 625 4422 ΙΙ
650 4357 700 4404 979
723 4355 881 4404 meracinum
907 4353 921 4423 ΙΙ
947 4357 996 4404 977
1022 4355 1131 4407 civundc
1157 4355 1170 4420 ΙΙ
1195 4355 1245 4404 989
1263 4353 1359 4418 uloqns
1377 4352 1390 4420 ll
1412 4353 1454 4401 999

349 4441 499 4494 9893996
521 4443 587 4491 997,
609 4437 622 4512 ll
643 4443 690 4490 997
712 4441 829 4496 Praetere
848 4457 949 4492 manere
970 4439 983 4512 Η
1004 4445 1053 4491 aba
1073 4441 1141 4514 ignis
