3052 5144
274 468 313 530 14
829 463 841 524 l

270 631 437 697 omnibus:
461 632 547 698 baud
569 632 666 717 igitur
687 633 858 714 quiequam
881 633 1056 714 proaedere
1079 639 1206 716 posset,

269 747 459 832 principium
483 749 634 828 quoniam
658 746 793 813 eedendi
816 747 905 811 nulla
926 747 1019 812 daret
1041 767 1112 814 res.

198 885 248 930 :340
271 869 304 927 et
326 883 408 927 nuuc
429 881 486 945 per
508 863 609 928 meria
630 883 669 927 ee
690 869 792 927 terras
815 863 1015 944 sublimaque
1037 863 1118 927 caeli

270 977 369 1042 multa
390 978 495 1043 modis
517 978 624 1042 multis
646 977 880 1076 varieoretione
903 977 1022 1041 moveri

269 1091 428 1156 cemimus
449 1097 523 1156 ante
546 1092 677 1170 oeulos3
703 1111 805 1174 quae,
829 1092 855 1156 si
878 1113 942 1156 nen
965 1097 1050 1156 esset
1072 1091 1188 1174 inane,

271 1227 335 1270 non
357 1213 421 1270 taur
445 1207 582 1272 sollieito
605 1211 691 1270 motu
714 1207 838 1288 private
861 1213 1005 1271 eererent

271 1341 365 1402 quem
389 1321 500 1402 genite
522 1321 650 1386 omnino
672 1321 763 1385 nulla
785 1321 907 1385 ratione
931 1320 1086 1403 fuissent,

198 1459 248 1503 eru
271 1435 413 1516 undique
437 1435 582 1500 materies
606 1437 755 1517 quonium
780 1437 897 1518 stipata
919 1436 1081 1518 quiesset.

270 1557 435 1634 praeterea
459 1551 602 1632 quamvis
625 1551 747 1616 solidae
769 1571 820 1615 res
844 1569 914 1615 esse
937 1557 1105 1633 putentur,

271 1665 344 1729 bine
366 1673 473 1730 temen
497 1684 568 1730 esse
591 1665 664 1730 lieet
687 1685 759 1729 raro
783 1685 854 1729 eum
877 1683 1010 1748 corpere
1033 1684 1168 1730 cemus.

270 1781 303 1843 in
325 1779 412 1845 saxis
435 1799 473 1844 ac
495 1779 657 1862 speluncis
680 1787 849 1864 permanat
870 1801 1024 1861 equarum

272 1895 413 1978 liquidus
435 1915 526 1958 umor
549 1901 580 1959 et
601 1895 753 1960 uberibus
775 1895 852 1958 flent
873 1895 978 1960 omnia
1001 1895 1117 1976 guttis.

199 2032 249 2079 unu
271 2009 406 2092 dissipet
428 2009 461 2074 in
483 2029 599 2094 eorpus
621 2029 694 2076 sese
717 2011 807 2076 eibus
830 2029 924 2075 omne
947 2011 1170 2074 animantumr

236 2109 238 2114 ’
272 2131 419 2189 creseunt
440 2125 568 2188 arbusta
591 2130 622 2188 et
644 2125 728 2190 fetus
751 2123 782 2188 iu
806 2131 949 2208 tempore
972 2123 1125 2206 fundunt,

271 2237 356 2322 qued
380 2238 469 2302 eibus
491 2239 521 2302 in
545 2245 629 2338 totas
652 2259 754 2322 usque
776 2240 817 2303 ab
840 2237 1001 2304 radicibus
1017 2239 1095 2304 imis

271 2375 328 2438 per
350 2361 478 2416 trunces
499 2373 537 2416 ae
560 2373 618 2435 per
640 2375 746 2418 renms
770 2352 956 2418 diffunditur
978 2353 1101 2416 omnis.

270 2469 351 2532 inter
373 2475 487 2550 saepta
509 2473 618 2532 meant
639 2487 734 2534 voees
757 2475 789 2534 et
811 2469 921 2533 eiause
944 2467 1108 2531 dommum

198 2603 248 2648 ens
270 2583 513 2672 transmittent,
533 2582 669 2663 rigidum
693 2589 858 2666 permanat
880 2583 979 2666 frigus
1002 2582 1044 2646 ad
1067 2603 1161 2647 essa.

271 2697 357 2779 quod
380 2698 440 2762 uisi
462 2697 571 2760 inania
593 2697 673 2778 sint,
697 2719 761 2779 quta
784 2705 913 2781 possent
937 2717 1071 2781 empore
1096 2713 1241 2779 quaeque

271 2813 405 2878 transire
429 2812 513 2876 haud
539 2812 605 2875 ulla
626 2811 693 2878 fieri
717 2813 839 2876 ratione
862 2812 1009 2876 uideres.

272 2925 408 3008 denique
430 2947 486 2992 eur
509 2928 591 2993 alies
614 2927 685 2992 aliis
701 2933 873 3010 ,praestare
896 2926 1039 2990 videmus

270 3040 412 3124 pondere
435 3063 486 3108 res
509 3043 604 3108 rebus
628 3043 693 3108 uilo
718 3041 835 3106 maiore
859 3041 980 3124 tigura‘?

199 3177 249 3221 nutu
272 3175 345 3218 nam
369 3157 395 3220 si
418 3157 634 3222 tantundemst
656 3157 688 3219 in
711 3156 805 3220 lenae
829 3157 971 3236 glomere
994 3163 1146 3236 (intantum

272 3271 411 3352 eorporis
433 3269 465 3334 in
489 3271 617 3354 plumbo
642 3277 710 3346 est,
732 3271 915 3334 tantundem
939 3269 1079 3352 pendere
1103 3289 1162 3352 per
1184 3277 1251 3344 este

272 3385 413 3468 eorporis
437 3384 606 3450 officiumst
629 3385 780 3467 quoniam
805 3403 949 3466 premiere
972 3385 1080 3448 onmia
1103 3383 1273 3465 deorsum,

271 3505 381 3564 eontra
403 3507 512 3566 autem
536 3507 651 3565 natura
674 3505 780 3564 manet
802 3499 872 3564 sine
896 3499 1038 3584 pondere
1060 3499 1184 3562 inanis.

271 3633 347 3696 erge
371 3615 456 3696 qued
480 3622 661 3697 magnumst
684 3633 785 3695 aeque
809 3612 973 3694 leviusque
997 3610 1140 3694 videtur,

199 3747 249 3792 een
271 3729 303 3791 ni
326 3729 459 3808 mirum,
483 3731 556 3814 plus
579 3749 650 3794 esse
673 3729 734 3792 sibi
757 3729 902 3793 declarat
924 3727 1045 3790 inanis:

271 3850 305 3907 at
327 3849 438 3908 eontra
461 3841 591 3926 gravius
615 3843 686 3926 plus
708 3844 739 3906 in
764 3863 799 3908 se
822 3842 963 3924 emmonis
986 3859 1056 3906 esse

272 3957 452 4022 dedieetet
474 3957 572 4020 mutto
596 3977 729 4022 vaenum
753 3957 858 4022 minus
880 3957 964 4020 intus
986 3954 1104 4019 habere
1119 4003 1129 4038 ,Ι

271 4227 319 4272 34ῖ
341 4225 427 4274 liceret
457 4222 470 4292 ΙΙ
500 4229 549 4274 349
570 4227 629 4274 fient
659 4223 672 4293 ΙΙ
702 4215 752 4274 3232
776 4225 912 4273 redicimus
942 4209 955 4290 Η
985 4223 1110 4292 ΒδῖιιιΙΙιι
1127 4223 1238 4272 estiment
1258 4225 1360 4274 untione
1390 4229 1405 4298 Η

273 4315 322 4359 :triti
342 4313 394 4360 Aut
