3020 5146
353 419 414 484 160
897 407 924 472 V

306 549 309 566 Ι
351 603 423 666 pam
447 583 528 648 bene
552 580 605 662 qui
628 577 769 644 didicere
792 579 871 645 deos
894 599 1039 644 seoumm
1063 597 1161 661 agere
1184 597 1326 661 aevom,

335 676 378 763 ‘si
399 705 506 762 tamen
527 695 651 760 interea
671 693 827 758 mirantur
849 713 914 776 qus
936 693 1059 758 ratione

351 829 498 894 quaeque
520 809 589 894 geri
610 807 752 892 possint,
768 809 955 892 praesertim
978 807 1073 874 rebus
1095 807 1129 872 iu
1151 807 1216 871 iliis

293 948 325 996 so
352 897 446 1009 quoe⁸
459 944 578 1009 supera
600 927 698 1006 eaput
719 923 871 988 aetheriis
893 930 1063 988 oeruuntur
1084 920 1118 984 in
1140 921 1225 1005 oris,

353 1061 461 1106 rursus
483 1041 514 1103 in
538 1037 685 1119 antiquas
707 1037 888 1102 referuntur
910 1037 1104 1120 religiones,

352 1163 384 1222 et
406 1154 553 1219 dominos
576 1154 658 1218 aeris
680 1152 886 1236 adseisouut,=
899 1153 1006 1217 omnio
1028 1169 1125 1236 posse

350 1291 432 1354 quos
453 1267 559 1334 miseri
582 1267 735 1345 eredunt,
751 1267 856 1351 ignari
879 1267 956 1349 quid
979 1273 1076 1348 queat
1098 1285 1188 1348 esse,

351 1385 426 1467 quid
450 1389 588 1465 nequeat
602 1434 608 1460 ‚
624 1383 713 1446 tinita
734 1389 877 1465 potestas
900 1381 1041 1465 denique
1064 1381 1176 1462 euique

293 1523 325 1568 oo
352 1521 416 1582 qua
439 1519 511 1562 uam
536 1497 577 1563 sit
598 1497 719 1562 ratione
743 1503 839 1578 atque
862 1497 926 1562 alte
949 1495 1102 1560 tem1iuus
1124 1495 1286 1561 haerens.

390 1611 482 1692 Quod
505 1633 600 1698 super
623 1617 689 1695 est,
707 1631 747 1677 ne
769 1617 800 1676 te
821 1612 854 1675 in
877 1610 1043 1696 promissis
1065 1610 1158 1694 plura
1180 1629 1375 1694 moremur,

349 1727 504 1814 principio
526 1727 628 1792 maria
649 1747 686 1792 ao
709 1733 810 1794 totas
834 1727 1019 1806 caelumque
1041 1731 1150 1804 tuere3

350 1863 483 1926 quormn
506 1847 652 1906 naturam
674 1841 850 1926 triplicem,
866 1841 926 1906 tria
949 1859 1104 1924 oorporo,
1121 1840 1247 1904 Memmi
1262 1890 1271 1914 ,

349 1958 405 2022 tris
429 1957 552 2041 speeies
574 1963 640 2021 tom
664 1955 846 2042 dissimilis,
863 1958 923 2022 tris
944 1956 1022 2021 talis
1044 1961 1151 2038 texta,

294 2093 326 2138 oo
351 2092 415 2136 uua
437 2070 506 2136 dies
530 2071 618 2136 dubit
641 2071 756 2150 exitio,
773 2072 953 2153 multosque
976 2090 1033 2155 per
1055 2089 1158 2136 annos

351 2191 528 2251 sustentato
550 2193 618 2250 ruet
641 2187 741 2252 moles
764 2193 795 2252 et
816 2185 965 2251 maehina
988 2185 1118 2250 muudi.

349 2320 408 2364 nee
431 2321 480 2364 me
503 2301 598 2366 animi
621 2302 703 2366 fallit
725 2321 819 2384 quam
843 2321 896 2368 res
918 2319 1001 2367 nova
1023 2300 1166 2381 miraque
1189 2297 1293 2364 menti

348 2414 475 2481 aooidet
496 2415 625 2482 exitium
649 2417 730 2480 eseli
753 2422 919 2500 terraeque
942 2415 1101 2492 futurum,
1144 2418 1147 2455 ¹

349 2537 382 2595 et
403 2549 497 2612 quam
520 2529 651 2595 difficile
673 2529 706 2595 id
729 2531 805 2595 mihi
829 2531 870 2596 sit
892 2531 1075 2615 pervincere
1098 2527 1213 2604 diotis;

278 2665 326 2711 roo
351 2651 384 2708 ut
406 2645 440 2709 fit
463 2646 515 2711 ubi
537 2645 699 2711 insolitam
723 2666 790 2711 rem
811 2645 964 2731 adportes
987 2644 1117 2708 auribus
1140 2649 1235 2725 aute,

351 2779 409 2825 neo
431 2765 538 2826 tamen
562 2759 644 2826 hono
666 2762 772 2845 possis
794 2761 957 2827 oeulomm
981 2758 1118 2825 subdere
1138 2757 1210 2822 visu

351 2893 412 2940 nee
434 2875 540 2940 iacere
563 2875 640 2940 indu
664 2895 796 2952 manus,
812 2877 865 2940 via
888 2893 951 2958 qua
974 2873 1096 2938 munita
1117 2871 1191 2938 fidei

349 2988 493 3074 proxima
515 2987 577 3054 sert
601 2991 770 3054 humanum
793 2991 827 3054 iu
849 2997 959 3074 peetus
982 2987 1165 3072 templaque
1187 2989 1335 3053 mentis.

349 3103 406 3168 sed
428 3111 536 3169 tamen
559 3105 700 3170 effabor.
717 3104 809 3169 dictis
832 3103 921 3168 dabit
943 3105 1015 3190 ipsa
1037 3103 1132 3169 fidam
1154 3120 1227 3184 res,

277 3238 324 3284 roo
349 3217 502 3296 forsitan,
517 3225 550 3284 et
571 3219 711 3302 graviter
734 3227 890 3286 terromm
913 3217 1050 3282 motibus
1073 3216 1150 3281 ortis

350 3333 456 3397 omnia
479 3335 687 3416 conquassari
711 3335 742 3400 in
765 3355 866 3419 parvo
890 3339 1031 3416 tempore
1055 3349 1184 3396 oerues.

351 3447 435 3528 quod
458 3448 569 3531 prooui
592 3469 612 3512 a
634 3449 726 3514 nobis
748 3447 855 3513 fleoiot
877 3447 1230 3530 fortunaguberuons,

348 3567 380 3626 et
402 3561 481 3625 ratio
505 3561 609 3644 potius
632 3583 726 3644 quam
749 3583 800 3628 res
822 3563 1017 3647 persuadeat
1039 3561 1108 3645 ipsa

347 3674 511 3740 succidere
536 3673 703 3742 horrisono
726 3697 822 3762 posse
845 3678 952 3742 omnia
974 3678 1057 3743 vieta
1080 3675 1231 3758 fragore.

276 3809 323 3856 110
392 3789 483 3877 [Qua
506 3791 594 3874 prius
615 3791 787 3876 adgrediar
810 3811 905 3874 quarn
929 3790 969 3857 de
993 3809 1026 3856 re
1049 3789 1183 3856 fundere
1206 3789 1280 3856 fata

348 3905 488 3970 sanetius
511 3911 543 3970 et
564 3907 662 3972 multo
686 3912 771 3971 certa
794 3906 915 3972 ratione
939 3905 1041 3990 magis
1064 3925 1162 3986 quam

346 4017 462 4102 Pythia
485 4040 567 4102 quae
590 4021 715 4105 tripode
738 4041 757 4085 a
779 4019 899 4086 Phoebi
924 4021 1077 4102 lauroque
1102 4019 1268 4105 profatur,

347 4133 445 4198 multa
466 4135 524 4200 tibi
547 4135 715 4221 expediam
739 4134 840 4201 doctis
862 4135 985 4202 solacis
1008 4135 1122 4216 diotis;

350 4379 383 4429 85
402 4379 510 4430 aetheris
530 4377 543 4448 Η
567 4381 615 4430 100
635 4377 765 4428 insolitum
