3110 5146
662 343 717 432 vi
1056 451 1059 456 ,
1175 374 1235 438 ser

128 538 191 604 668
203 587 212 621 ,
226 539 350 624 Perque
365 563 452 604 marc
467 563 506 604 oc
521 551 623 604 terras
637 539 774 626 rapidus
783 563 973 626 percurrere
987 543 1095 626 turbo,
1111 547 1143 608 et
1158 542 1237 608 eci-

128 659 245 705 oerone
256 640 290 705 in
302 661 338 703 111
350 641 566 707 accusationis
580 641 658 726 100,
672 633 746 708 nam
752 667 815 728 per
826 667 930 710 omnes
942 645 1082 711 civetates
1093 669 1174 731 quae
1185 645 1237 711 de-

126 767 237 808 cumas
251 744 364 809 hahent
373 745 535 830 percurrit
555 745 655 809 oratio
670 767 758 810 mea.
775 745 821 810 sio
836 745 869 811 in
884 745 991 812 Aetne,
1004 747 1044 813 98
1060 758 1153 832 atque
1168 748 1236 811 cni-

126 846 245 909 mantis
253 845 317 910 Per
328 859 392 912 toto
403 860 543 912 errantes
551 859 744 934 percurrunt
749 871 883 934 corpora
893 873 1005 914 venae.
1017 848 1064 915 sio
1074 847 1236 914 Vitruvius

127 946 159 1010 in
172 947 310 1032 v111,3‚2
318 973 382 1036 per
393 949 519 1038 torpunt
531 949 669 1034 epatium
683 960 786 1014 terrae
797 964 1016 1035 percurrentes
1028 1001 1036 1034 ,
1053 951 1071 1015 7
1085 949 1171 1036 quod
1177 975 1237 1036 per

127 1063 231 1115 terrae
243 1049 366 1116 dulcem
376 1075 485 1116 sucum
493 1051 671 1137 percurrit.
683 1049 759 1115 item
771 1051 812 1117 26
825 1099 833 1116 .
846 1051 962 1135 quibus
976 1053 1079 1118 similo
1091 1050 1236 1136 estquod

126 1151 277 1218 Handius
292 1153 325 1217 in
338 1153 511 1220 Tursellini
528 1159 614 1218 tomo
625 1173 658 1214 ιι
670 1172 702 1236 p.
710 1152 774 1218 432
786 1155 917 1238 protulit
932 1155 1135 1221 excesseris
1150 1153 1236 1220 bello

127 1255 303 1340 Gallionis,
312 1255 368 1341 33,
377 1257 484 1343 prinu
487 1281 547 1343 per
553 1281 657 1324 ornnes
660 1270 770 1343 partes
777 1259 993 1344 perequitant.
1007 1257 1081 1323 item
1093 1256 1235 1322 eomodo

126 1360 251 1426 Caesar
263 1358 295 1422 in
308 1378 420 1424 eornm.
433 1379 489 1442 vn,
499 1361 540 1426 66
552 1361 611 1445 qui
618 1383 680 1425 non
696 1361 812 1446 hesper
826 1383 936 1447 cymen
949 1360 1081 1424 hostium
1087 1361 1236 1446 perequi-

125 1475 264 1530 taseent.
280 1481 344 1526 non
364 1462 457 1527 aliter
472 1463 622 1527 Lucanus
637 1461 766 1546 v11‚341
785 1447 940 1548 totumque
958 1485 1017 1547 per
1032 1485 1144 1546 apmen
1159 1461 1236 1528 soe-

126 1565 370 1649 limiperueotns
382 1589 481 1651 equo,
498 1564 610 1630 Cicero
626 1563 666 1630 de
683 1571 812 1630 oratore
822 1586 842 1646 ι,
856 1563 919 1628 222
928 1575 1084 1649 peraprat
1093 1587 1152 1649 per
1166 1564 1235 1628 ani-

124 1691 191 1731 mos
203 1667 381 1748 hominum,
394 1666 559 1732 Vitruvius
570 1689 604 1748 n,
612 1669 631 1732 6
640 1669 768 1754 penitus
779 1667 864 1752 spuis
876 1678 904 1730 et
904 1665 1058 1750 flammae
1069 1687 1168 1750 uapor
1173 1689 1236 1750 per

125 1769 302 1833 interventa
311 1792 504 1854 permanans
511 1819 520 1851 ,
532 1769 566 1833 in
579 1769 648 1855 n‚8,
657 1769 697 1834 12
709 1771 815 1855 opriu’o
823 1768 991 1853 perorbem
997 1779 1154 1832 terrarum
1162 1791 1234 1853 per*

125 1884 266 1956 napata.
282 1887 341 1935 nee
351 1869 499 1936 mirabile
515 1877 565 1936 est
572 1895 777 1959 perrumpere
789 1868 904 1936 addite
917 1869 990 1934 viae
1001 1867 1235 1952 significatione

125 1972 221 2057 apud·
229 1972 342 2038 Silium
359 1972 505 2038 Italicum
521 1974 553 2038 in
569 1995 624 2058 x11,
637 1974 721 2057 698,
737 1973 871 2038 etiamne
883 1970 1013 2057 parabit
1027 1972 1164 2038 Nostrae
1182 1973 1237 2037 ille

125 2073 234 2140 mneos
246 2125 254 2156 ,
270 2087 395 2138 nostres
403 2099 609 2163 perrumpere
620 2078 654 2141 in
665 2075 777 2141 arces?
789 2079 821 2139 et
831 2073 864 2138 in
876 2095 941 2157 xiv,
946 2072 1010 2140 522
1022 2074 1237 2159 Perrumpunt

124 2177 207 2241 Itali
218 2199 285 2262 qua
303 2176 414 2242 caedes
423 2179 535 2264 prima
556 2179 686 2244 reclusit
701 2177 951 2261 Monstravitque
972 2176 1077 2241 uiam.
1093 2175 1151 2242 sed
1163 2201 1236 2262 per·

124 2281 233 2344 uenr’re
256 2278 423 2362 absolute,
440 2286 476 2344 nt
490 2287 576 2346 esset
590 2279 700 2346 venire
724 2297 787 2363 quo
804 2279 922 2362 aliquis
944 2278 1158 2362 perrexisset,
1174 2278 1236 2342 Ln-

125 2381 244 2446 cretius
260 2381 340 2446 satis
355 2380 531 2447 insolenter
546 2381 627 2446 dixit
637 2383 671 2448 in
686 2383 747 2448 hoc
762 2379 844 2446 libro
856 2379 920 2446 383
935 2379 1000 2465 its,
1023 2379 1112 2446 Unde
1126 2381 1236 2446 volans

124 2485 422 2570 operimentorum,
439 2483 473 2548 id
494 2492 544 2550 est
559 2485 619 2550 huo
640 2484 844 2569 pervenerit,
861 2489 894 2548 et
908 2482 1054 2548 similiter
1070 2483 1102 2546 in
1117 2483 1236 2568 1v,285

124 2585 208 2668 554;
225 2603 286 2650 nec
307 2593 414 2651 tamen
436 2586 546 2652 solus:
570 2607 645 2652 nem
668 2587 701 2650 in
718 2586 852 2668 Vergilii
875 2586 991 2667 ecloga
1010 2586 1085 2670 ιι,2
1108 2585 1236 2668 ingrate

124 2695 199 2752 sunt
222 2707 308 2771 quse
330 2687 476 2754 homines
492 2689 578 2754 docti
602 2689 899 2771 comminiscuntur,
916 2693 951 2752 ut
965 2687 1043 2752 milri
1063 2688 1235 2754 tenendum

124 2789 273 2855 ridesmr
288 2790 373 2872 quod
389 2790 464 2856 libri
480 2777 606 2857 veteres
623 2791 799 2877 praebent,
815 2789 999 2876 Ochr'da,
1014 2791 1082 2854 oiri
1092 2791 1234 2875 perueni-

124 2917 193 2957 mue
207 2941 216 2974 ‚
233 2891 356 2958 aduena
370 2895 473 2959 nostri
485 2891 592 2976 (Quod
605 2916 776 2979 numquam
787 2893 883 2956 ueriti
894 2892 1016 2976 sumus)
1028 2904 1062 2956 ut
1072 2915 1235 2977 possessor

124 2994 228 3080 apelli
241 2995 368 3060 Diceret
390 2995 475 3061 ‘laec
496 3021 565 3076 mea
587 2999 667 3060 sunt’
681 3043 688 3059 .
701 2993 875 3080 perducere
897 3013 994 3074 vern,
1011 2993 1043 3056 in
1064 3011 1127 3075 quo
1150 2992 1235 3057 inest
1335 2979 1343 2994 '

125 3097 231 3181 sotio,
249 3094 359 3163 dubito
371 3117 414 3163 an
425 3118 490 3163 non
505 3099 609 3183 possit
620 3098 666 3162 its
681 3095 766 3160 dici.
783 3101 868 3160 certe
880 3095 1046 3160 Lueretius
1058 3095 1092 3160 in
1109 3115 1137 3178 v,
1152 3094 1232 3159 1027

124 3200 158 3264 id
182 3219 284 3264 ansus
300 3218 365 3263 non
388 3206 456 3284 est,
473 3201 531 3267 sed
546 3200 675 3283 scripsit
696 3219 759 3264 nen
775 3199 845 3264 eine
868 3197 1142 3262 demonstratione
1162 3194 1234 3260 finis

124 3303 190 3367 Nec
201 3303 354 3387 potuisset
365 3303 471 3368 adhue
479 3303 652 3389 perducere
666 3302 771 3368 saeclo
781 3323 944 3386 propapo.
960 3319 1065 3382 neque
1081 3297 1234 3364 credibile

123 3403 254 3468 videtur
276 3411 333 3468 aut
355 3423 377 3468 a
391 3405 518 3471 Catullo
542 3425 614 3472 esse
635 3405 716 3471 hsce
739 3405 808 3486 109,
821 3403 863 3483 5,
886 3403 926 3466 Ut
947 3402 1039 3466 liceat
1060 3403 1149 3466 netto
1171 3414 1235 3464 tota

119 3505 296 3590 perducere
310 3507 376 3572 uita
390 3509 561 3574 Aeternum
583 3508 639 3573 doc
659 3519 786 3572 sanctae
797 3503 920 3589 foedus
941 3505 1120 3586 amicitiae,
1135 3511 1192 3568 aut
1214 3521 1234 3566 a
1298 3587 1302 3597 1

125 3607 292 3692 Propertio
315 3629 336 3693 1,
348 3610 378 3694 3,
391 3610 433 3676 39
455 3610 482 3676 0
504 3611 625 3674 utinam
647 3610 725 3675 tales
742 3606 921 3695 perduces,
937 3607 1075 3691 improbe
1086 3618 1232 3688 ‚.noctee.

210 3711 283 3776 329.
305 3732 411 3777 ursi.
429 3712 517 3777 Alibi
539 3710 638 3777 iidem
661 3711 733 3776 libri
756 3730 885 3774 nisse.
903 3708 962 3774 sed
978 3707 1059 3774 haec
1073 3726 1153 3773 sono
1169 3725 1234 3771 non

124 3813 276 3879 differunt
291 3813 324 3877 in
341 3813 440 3895 longe
462 3813 588 3879 vocali.
605 3812 723 3879 dimisa
744 3813 920 3898 quadratus
942 3809 975 3874 in
993 3831 1040 3895 ιιι,
1052 3810 1116 3878 356
1129 3859 1137 3875 .
1152 3809 1187 3876 in
1202 3831 1232 3894 v,

123 3915 186 3980 629
202 3915 362 3998 oblongus
378 3915 546 3999 demutor,
563 3914 707 3981 dimieur
724 3915 919 4001 quadratus.
935 3912 1005 3979 eine
1023 3913 1088 3978 ullo
1103 3911 1145 3978 ed
1161 3931 1233 3996 prn-

122 4016 355 4083 nuntietionem
384 4019 596 4084 emolumento
623 4022 749 4084 veteres
776 4017 975 4100 seripserunt
998 4038 1114 4080 caussa
1141 4039 1233 4079 cassu

123 4143 294 4184 cmneseum
315 4121 407 4184 cessit
429 4121 528 4185 ussit.

208 4220 282 4287 335.
306 4221 454 4310 Dnrnnn
477 4241 580 4293 onon
605 4241 747 4284 ounrno
770 4257 811 4268 -—
833 4241 1006 4286 necnon.
1022 4219 1095 4284 Itali
1115 4241 1232 4284 nnon-

124 4343 216 4388 nnn.
233 4322 291 4388 sed
310 4322 392 4388 illud
416 4323 501 4410 qued
521 4322 607 4388 unde
628 4321 769 4407 pendeat
791 4323 870 4388 nihil
892 4329 961 4388 est.
977 4342 1055 4404 ergo
1078 4321 1233 4388 iaciemus

124 4426 233 4488 Anne
256 4424 341 4511 quod
351 4449 361 4490 :
375 4425 436 4490 hoc
458 4425 543 4492 enim
565 4424 647 4490 solet
665 4423 711 4488 its
731 4431 878 4508 repetere
893 4426 1078 4492 Lueretius.
1094 4423 1170 4488 ride
1186 4445 1231 4506 111,

124 4527 187 4592 828
202 4527 265 4592 829
284 4527 364 4592 1036
383 4527 462 4594 1037
486 4549 529 4610 ιν,
545 4526 625 4590 1121
645 4525 727 4590 1122
750 4527 965 4604 v1‚611613.
