3052 5144
314 423 352 484 12
865 417 880 480 Ι

239 613 288 656 nto
313 589 489 670 silvifragis
512 597 607 652 vexat
628 589 757 652 iiabris:
780 589 824 651 ita
848 587 981 670 per‘surit
1004 587 1068 650 aori

309 725 379 768 eum
403 703 531 769 fremitu
553 703 721 784 saevitque
745 701 860 766 minaei
885 720 1044 766 murmure
1066 709 1202 768 ventus.

311 825 383 882 sunt
404 819 500 902 igitur
522 818 629 896 venti,
652 819 683 881 ni
707 817 840 899 mirum,
865 835 1000 898 corpora
1023 835 1140 898 oaeoa,

312 951 524 1013 quaenam,
549 951 631 1014 quae
654 937 776 1014 terras,
801 951 885 1011 quae
910 931 1048 1011 denique
1072 931 1181 994 nubila
1206 931 1286 995 oaeii

312 1053 442 1112 verrunt
464 1067 503 1112 ao
527 1047 631 1111 subito
656 1045 804 1109 vexantia
828 1045 953 1110 turbine
977 1050 1123 1128 raptant,

238 1183 289 1228 seo
311 1180 372 1226 neo
393 1160 516 1224 ratione
539 1159 640 1224 fluunt
662 1159 728 1222 alia
751 1165 953 1241 stragemque
976 1165 1176 1241 propagant,

310 1281 341 1339 et
363 1295 432 1338 oum
457 1275 563 1338 mollis
585 1293 689 1355 aquae
712 1273 812 1338 fertur
835 1280 949 1337 natura
970 1278 1101 1354 repente

311 1387 440 1453 flumine
463 1389 659 1466 abundanti,
683 1409 778 1469 quarn
803 1388 902 1468 largis
924 1387 1079 1451 imbribus
1101 1393 1199 1469 auget

312 1503 470 1568 montibus
494 1523 533 1568 ex
555 1504 629 1568 altis
653 1522 787 1585 rnagnus
811 1501 966 1566 decursus
989 1501 1106 1583 aquai,

311 1617 469 1700 fragmina
492 1618 651 1683 oonioiens
676 1618 829 1682 silvarum
853 1616 1047 1695 arbustaque
1070 1621 1137 1679 tota
1150 1665 1157 1696 ‚

239 1753 288 1800 aas
312 1751 370 1797 nee
392 1732 489 1796 validi
513 1740 647 1815 possunt
669 1739 782 1816 pontes
804 1729 962 1796 venientis
985 1730 1081 1810 aquai

310 1847 371 1910 vim
396 1847 531 1911 subitam
555 1845 712 1911 tolerare:
737 1845 783 1910 ita
805 1865 922 1925 niagno
945 1842 1092 1908 turbidus
1115 1843 1206 1908 imbri

311 1935 448 2025 rioribus
471 1961 622 2044 ineunt,
646 1953 761 2025 'validis
784 1979 854 2023 eum
878 1959 1016 2041 viribus,
1041 1958 1163 2035 amno,

311 2075 367 2138 dat
390 2075 496 2140 sonitu
518 2095 636 2158 rnagno
660 2081 820 2156 stragem,
844 2073 1005 2153 volvitque
1029 2073 1088 2137 sub
1111 2071 1206 2136 undis

310 2188 446 2272 grandia
469 2209 569 2264 saxa,
592 2188 717 2270 ruitque
740 2187 785 2252 ita
807 2187 961 2268 quidquid
984 2186 1134 2251 fluetibus
1156 2186 1279 2250 obstat.

238 2325 288 2370 noo
311 2302 357 2368 sie
380 2303 475 2387 igitur
499 2302 616 2366 debent
637 2303 724 2366 venti
749 2322 876 2383 quoque
898 2301 1028 2366 flamina
1050 2300 1146 2375 ferri,

256 2481 261 2492 ,
311 2439 395 2500 quae
417 2417 467 2482 vel
491 2419 534 2480 uti
558 2417 698 2482 validum
722 2437 793 2482 ourn
815 2416 933 2481 flumen
956 2417 1152 2500 prooubuore

312 2553 407 2620 quan]
429 2532 507 2596 libet
528 2531 562 2595 in
585 2537 726 2614 partein,
750 2531 878 2596 trudunt
900 2549 953 2596 res
975 2537 1049 2595 ante
1075 2537 1229 2613 ruuntque

309 2647 479 2731 impetibus
502 2647 641 2718 crebris,
664 2646 746 2711 inter
769 2645 843 2709 dum
866 2647 984 2710 vertite
1007 2653 1089 2710 torto

312 2760 485 2844 corripiunt
506 2759 685 2844 rapideque
708 2763 827 2826 rotanti
849 2761 975 2826 turbine
998 2767 1146 2844 portant.

238 2897 288 2943 ane
313 2895 411 2958 quare
433 2877 527 2941 etiarn
551 2883 646 2957 atque
669 2876 763 2940 etiam
787 2883 861 2940 sunt
884 2875 969 2940 venti
992 2895 1127 2960 corpora
1149 2897 1266 2958 oaooa,

312 2990 569 3074 quandoquidem
593 2990 687 3056 fantis
711 2997 741 3055 et
763 2991 1055 3056 moribus'aenruIa
1078 2993 1202 3076 magnis

310 3105 456 3170 amnibus
479 3105 700 3188 inveniuntur,
725 3112 837 3189 aperto
861 3125 994 3190 corpore
1017 3106 1069 3187 qui
1083 3115 1186 3171 sunt.

310 3227 375 3284 turn
398 3240 493 3302 porro
516 3220 625 3284 varios
648 3240 752 3285 rerum
776 3220 929 3284 sentimus
952 3219 1088 3296 odom,

309 3354 369 3400 neo
391 3340 498 3398 tamen
521 3354 560 3397 ao
583 3334 670 3398 naris
692 3335 849 3399 venientis
871 3335 1027 3400 cernimus
1051 3355 1222 3416 umquam,

238 3471 288 3516 aru)
310 3469 369 3514 neo
393 3447 517 3513 oalidos
539 3453 647 3513 aestus
668 3450 804 3532 tuimur,
829 3467 887 3513 neo
909 3448 1031 3533 frigora
1054 3452 1180 3532 quintus

309 3583 466 3646 usurpare
489 3562 609 3645 oeulis,
634 3583 692 3628 neo
714 3583 809 3629 voees
832 3581 963 3629 eernere
987 3583 1132 3640 suenrus3

310 3697 393 3758 qnae
417 3685 525 3742 tamen
548 3677 656 3740 omnia
679 3697 834 3761 corporea
856 3684 1003 3743 oonstare
1026 3687 1189 3743 necessest

310 3799 445 3870 natura,
470 3792 621 3874 qnoniam
646 3811 759 3856 sensus
780 3792 934 3877 inpellere
957 3799 1109 3874 possunt:

309 3913 442 3990 tangere
464 3907 546 3970 enim
570 3913 601 3970 et
623 3907 734 3986 tangi,
759 3907 821 3971 uisi
844 3927 978 3990 eorpus,
1003 3907 1091 3970 nulia
1113 3913 1219 3990 potest
1240 3923 1313 3972 ros.

235 4041 285 4087 eoo
311 4019 448 4101 denique
470 4020 648 4105 fluctifrago
671 4041 846 4105 suspensae
870 4021 901 4085 in
925 4021 1016 4086 litore
1039 4027 1144 4086 vestes

313 4289 362 4335 276
376 4296 484 4351 pontus.
505 4285 518 4354 ΙΙ
542 4285 591 4338 282
606 4303 680 4350 quem
700 4289 712 4358 ig
734 4293 784 4338 aba
798 4289 912 4339 turbibus
933 4285 946 4359 ΙΙ
966 4291 1016 4339 289
1029 4289 1079 4339 ruit
1093 4305 1144 4354 qua
1156 4288 1278 4354 quidquid
1298 4285 1311 4358 i]
1331 4291 1380 4338 aot
1392 4300 1427 4335 ra·

312 4375 416 4442 pidique
