3020 5146
345 467 405 532 128
874 459 932 524 1111

343 630 601 714 quandoquidem
624 631 739 712 longos
762 632 867 696 obitus
890 637 1003 710 exorta
1025 631 1187 714 revisunt,

342 768 412 812 oum
435 765 606 830 permensa
628 767 685 813 suo
710 751 782 814 sunt
803 746 926 811 eaelum
947 765 1082 830 corpore
1105 746 1212 812 olaro.

265 885 315 933 oon
340 861 453 943 solque
476 861 546 945 pari
568 861 692 926 retione
714 879 843 926 manere
866 867 898 926 et
919 859 998 936 lune
1016 859 1163 926 videntur

339 981 372 1045 in
394 977 554 1060 statione,
571 996 611 1041 ea
634 995 717 1058 quae
739 975 816 1040 ferri
840 993 890 1041 res
911 976 1034 1042 indicat
1056 977 1146 1060 ipsa.

342 1099 471 1159 exstant
493 1111 594 1174 usque
615 1091 726 1174 prooul
747 1089 854 1156 medio
878 1089 918 1156 de
939 1092 1064 1174 gurgite
1088 1091 1224 1174 montis,

341 1209 498 1274 elassibus
520 1207 603 1272 inter
626 1225 706 1287 quos
728 1205 810 1270 liber
832 1211 921 1288 patet
943 1205 1046 1270 exitus
1069 1206 1201 1288 ingens:

312 1323 447 1389 -insula
468 1321 646 1387 ooniunotis
668 1327 775 1385 tamen
799 1339 838 1383 ex
861 1318 912 1383 his
934 1340 998 1385 una
1019 1319 1163 1386 videtur.

264 1461 315 1507 too
341 1439 424 1503 atria
446 1437 569 1502 versari
592 1441 624 1500 et
646 1434 762 1500 eirenm
787 1433 918 1501 ouisare
942 1435 1108 1500 columnae

340 1572 441 1634 usqne
464 1549 546 1616 adeo
570 1551 604 1613 fit
626 1549 671 1615 uti
694 1549 803 1633 pueris
826 1550 1013 1632 videantur,
1030 1550 1084 1616 ubi
1108 1549 1169 1632 ipsi

343 1667 505 1733 desierunt
527 1665 625 1742 verti,
641 1665 693 1729 vix
716 1671 750 1728 ut
770 1664 833 1728 iant
856 1665 987 1730 eredere
1010 1664 1134 1748 possint

341 1802 405 1846 non
428 1799 525 1864 supra
549 1797 621 1844 sese
644 1767 737 1845 ruere
760 1779 868 1844 omniu
890 1787 975 1845 tenta
997 1779 1129 1844 minari.

341 1897 468 1978 iamque
491 1895 619 1959 rubrum
642 1893 786 1960 tremulis
809 1894 903 1960 iubar
923 1895 1051 1978 ignibus
1075 1895 1198 1975 erigere
1222 1895 1293 1960 alte

266 2033 316 2079 000
343 2033 414 2076 oum
437 2014 564 2093 coeptat
586 2014 701 2073 natura
723 2029 886 2094 supraque
908 2009 1061 2076 extollere
1085 2014 1231 2086 montes,

343 2147 424 2210 quos
446 2125 501 2190 tibi
525 2131 591 2189 turn
614 2143 712 2207 supra
734 2125 781 2189 sol
806 2125 920 2190 montis
943 2145 1016 2190 osse
1038 2125 1163 2190 videtur

343 2241 518 2306 comminus
541 2239 612 2324 ipse
635 2260 693 2304 suo
717 2239 905 2324 eontingeus
928 2239 1068 2306 fervidus
1089 2239 1176 2323 igni,

341 2356 394 2420 vix
417 2355 534 2420 absunt
557 2355 649 2419 nobis
672 2355 787 2420 missus
810 2355 858 2420 bis
881 2355 966 2419 inille
990 2354 1147 2436 sagittae,

306 2466 316 2498 ‘
341 2471 394 2534 vix
418 2471 512 2535 etiarn
536 2487 646 2534 eureus
669 2469 862 2551 quingentos
884 2489 985 2554 saepe
1007 2469 1129 2534 veruti:

266 2581 317 2654 oio
342 2587 423 2650 inter
447 2605 503 2649 eos
526 2583 690 2664 solemque
712 2583 819 2650 iaoeut
841 2584 996 2650 immania
1017 2583 1108 2668 ponti

342 2720 486 2782 aequora
509 2699 670 2790 substrata
693 2697 841 2764 aetheriis
863 2699 1045 2782 ingentibus
1069 2699 1152 2780 oris,

343 2814 570 2896 interiectaque
593 2819 665 2878 sunt
687 2821 845 2878 terrarum
865 2814 956 2878 inilia
978 2813 1095 2897 multa,

342 2949 425 3012 quae
448 2929 556 2994 variae
578 2926 715 2992 retinent
736 2935 849 3009 gentes
872 2933 903 2993 et
925 2929 1035 2994 saecla
1058 2929 1217 2993 ferarum.

343 3052 376 3109 at
398 3044 560 3110 oouleetus
583 3059 686 3123 aquae
709 3041 842 3124 digitum
867 3065 931 3109 non
955 3044 1050 3109 altior
1073 3064 1190 3118 unuin,

269 3181 319 3225 415
346 3160 398 3241 qui
421 3158 547 3243 lapides
569 3157 651 3220 inter
674 3157 756 3222 sistit
777 3179 835 3243 per
857 3165 959 3224 strata
982 3159 1122 3234 viarum,

344 3273 526 3356 despeotunr
551 3275 686 3359 praebet
708 3275 767 3339 sub
790 3281 892 3339 terras
915 3275 1022 3358 inpete
1045 3279 1151 3348 tauto,

346 3407 366 3451 a
388 3388 480 3452 terris
504 3395 653 3469 quantuni
678 3391 757 3454 oaoii
783 3395 871 3473 putet
893 3389 976 3454 aitus
999 3387 1125 3464 hiatus;

218 3545 220 3548 -
269 3523 319 3568 419
344 3507 379 3566 ut
400 3523 499 3586 prope
522 3503 653 3569 miruolo
677 3506 736 3570 sub
760 3512 863 3570 terres
886 3503 996 3568 abdita
1019 3503 1099 3567 oaeii

268 3639 319 3684 4ιο
344 3617 452 3682 nubila
474 3599 636 3702 dispicere
656 3627 689 3684 et
710 3619 833 3685 oaeiurn
857 3617 989 3684 videare
1012 3615 1142 3704 videre.

270 3752 320 3798 000
344 3731 482 3814 denique
505 3733 556 3796 ubi
580 3733 613 3796 in
637 3733 740 3798 rnedio
764 3734 857 3799 uobis
880 3751 954 3798 eous
976 3753 1051 3798 aner
1074 3729 1222 3794 obhaesit

344 3845 472 3910 flumine
495 3855 526 3912 et
546 3848 579 3910 iu
602 3847 733 3932 rapidas
756 3848 860 3912 annuis
882 3848 1086 3930 despeximus
1108 3845 1234 3920 undas,

347 3959 459 4024 stantis
482 3963 554 4044 equi
578 3983 693 4046 eorpus
716 3969 932 4028 transversum
956 3961 1038 4026 serre
1060 3957 1185 4025 videtur

344 4074 391 4139 vis
415 4079 447 4139 et
469 4075 501 4138 iu
524 4075 693 4141 adversum
716 4075 833 4142 flumen
857 4075 1046 4142 eontrude're
1068 4073 1204 4158 raptim,

344 4245 544 4253 “—

347 4347 396 4395 395
416 4345 530 4394 uidetur.
551 4343 565 4413 Η
586 4347 635 4395 397
649 4347 828 4410 Exstantisque
848 4343 862 4416 ΙΙ
882 4351 932 4398 406
953 4347 995 4397 ubi
1017 4345 1030 4416 Η
1050 4351 1100 4398 414
1116 4347 1247 4397 coniectus
1270 4347 1282 4412 Η
1304 4351 1356 4398 tii
1379 4349 1441 4398 nlius
1457 4345 1467 4379 ²¹

345 4436 396 4482 419
407 4434 522 4496 Corpora
531 4434 645 4482 mirando
659 4433 673 4502 Η
686 4435 771 4484 00010.
788 4432 801 4502 ΙΙ
815 4437 865 4485 418
876 4435 1004 4499 despicere
1018 4431 1095 4504 ΙΙ·4“21
1111 4433 1269 4497 dispexiruus
1284 4433 1299 4502 Η
1314 4438 1367 4484 423
1379 4436 1466 4484 fulmen
