3020 5146
579 473 623 539 ΙΙΙ

56 653 201 714 ettamen
224 645 309 712 haud
332 665 493 729 quaquam
516 652 642 711 nostrus
666 651 741 710 tunc
761 645 819 711 iila
840 665 898 730 per
920 651 1006 713 artus

56 764 140 845 lunge
161 765 201 829 ab
224 762 391 829 sensiferis
413 761 587 846 primordia
610 761 749 827 motibus
771 767 900 838 errant,

26 899 114 946 ecum
136 885 296 962 correptus
319 877 414 942 homo
437 897 476 942 en
500 897 612 942 somno
635 895 672 942 se
695 877 819 958 colligit
840 878 931 961 ipse.

57 994 138 1058 multo
159 993 255 1074 igitur
277 999 409 1057 mortem
431 991 536 1064 ruinus
559 989 602 1055 ad
626 1011 684 1056 nos
707 1011 779 1057 esse
801 991 1028 1076 putandumst3

57 1109 78 1170 si
98 1108 192 1172 minus
215 1127 286 1173 esse
308 1112 413 1190 potest
436 1125 531 1187 quam
555 1107 641 1188 quod
665 1105 708 1169 nil
734 1125 805 1172 esse
828 1105 992 1170 videmus:

57 1223 143 1287 maior
163 1222 247 1288 enim
270 1222 382 1285 turbae
405 1221 556 1286 disiectus
583 1219 729 1284 materiai

56 1335 239 1418 consequitur
261 1335 344 1419 leto,
362 1355 421 1400 neo
445 1337 613 1418 quisquam
637 1335 820 1419 expergitus
844 1341 970 1417 exstat,

24 1449 158 1534 uirigida
180 1469 275 1532 quem
298 1450 397 1515 semel
420 1456 469 1516 est
490 1449 569 1515 vitai
592 1469 697 1533 pausa
719 1455 848 1513 secuta.

88 1565 221 1646 Denique
243 1564 273 1630 si
294 1583 404 1630 vocem
426 1583 530 1629 rerum
553 1569 670 1629 natura
692 1571 823 1648 repente

56 1679 143 1743 mittat
163 1685 192 1744 et
215 1679 276 1754 hoq
299 1679 397 1744 alicui
419 1689 559 1746 nostrum
582 1680 629 1745 sic
652 1678 792 1762 increpet
813 1678 907 1761 ipsa,

51 1787 127 1876 ‘quid
146 1793 202 1857 tibi
224 1799 316 1858 tanto
339 1798 482 1877 operest,
499 1795 661 1872 mortalis,
678 1792 765 1875 quod
786 1792 878 1856 nimis
901 1792 1008 1873 aegris

55 1908 173 1973 luctibus
195 1907 372 1990 indulges?
388 1908 464 1990 quid
488 1916 620 1975 mortem
643 1907 805 1989 congemis
828 1928 865 1970 ac
887 1907 973 1972 fles?

24 2041 115 2088 unam
136 2024 234 2106 gratis
258 2021 320 2087 suit
342 2023 420 2088 haee
441 2023 498 2087 tibi
521 2025 586 2088 vita
608 2029 682 2088 ante
705 2023 972 2106 acceptiorque,

58 2143 81 2200 et
98 2159 153 2203 nun
175 2139 288 2204 omnia
309 2143 471 2222 pertusum
495 2143 649 2219 congesta
672 2138 762 2219 quasi
784 2137 818 2201 in
841 2157 898 2201 vas

63 2253 205 2319 rounruda
227 2251 408 2338 perfluxere
431 2259 528 2334 atque
550 2253 677 2336 ingrata
698 2251 867 2317 interiere:

62 2385 104 2428 cur
120 2387 175 2433 uon
198 2375 234 2433 ut
256 2367 371 2452 plenus
394 2367 478 2432 vitae
502 2369 636 2433 conviva
660 2367 806 2442 recedis,

59 2499 141 2562 aequo
163 2483 337 2563 animoque
361 2483 450 2567 capis
472 2503 635 2566 seeuram,
652 2481 766 2563 stulte,
784 2479 950 2562 quietem?

24 2611 41 2656 u
59 2593 97 2658 siu
115 2616 151 2662 ea
172 2617 259 2680 quae
282 2595 404 2661 fructus
426 2615 561 2678 eumque
585 2615 619 2660 es
642 2595 765 2680 periere
787 2593 940 2679 profusa,

57 2710 165 2792 vitaque
186 2713 220 2778 in
244 2711 419 2790 offensum,
437 2731 491 2775 cur
515 2711 652 2794 amplius
674 2709 795 2775 addere
817 2713 965 2791 quaeris,

56 2843 160 2890 mrsum
184 2827 273 2910 quud
296 2832 408 2910 pereat
430 2825 514 2890 male
537 2832 568 2890 ct
590 2825 750 2906 ingratum
774 2823 898 2888 occidat
920 2841 1034 2905 omne,

55 2957 107 3002 non
127 2941 230 3023 potius
254 2941 340 3006 vitae
362 2939 457 3004 finem
480 2938 562 3004 iacis
585 2946 682 3021 atque
705 2937 854 3003 laboris?

55 3071 117 3116 narn
137 3055 193 3120 tibi
216 3061 383 3139 praeterea
406 3051 493 3134 quod
516 3052 678 3118 machiner
700 3051 945 3132 inveniamque,

24 3181 37 3226 u
57 3169 129 3246 quud
150 3171 300 3254 placeat,
315 3168 360 3233 nil
384 3175 451 3232 est:
471 3167 583 3234 eadem
606 3173 680 3232 sunt
702 3167 808 3231 emnia
831 3184 977 3249 semper.

55 3279 76 3341 si
95 3281 146 3346 tibi
167 3305 233 3350 nou
256 3283 351 3348 annis
374 3302 489 3366 corpus
511 3283 577 3348 iarn
600 3287 720 3347 marcet
742 3287 773 3348 et
794 3287 883 3344 artus

55 3394 176 3462 coniecti
198 3399 373 3482 languent,
390 3395 504 3463 eadem
528 3405 635 3463 tamen
659 3397 767 3462 omnia
787 3401 934 3478 restant,

54 3509 149 3575 omnia
170 3512 198 3576 si
220 3531 341 3596 pergas
362 3511 498 3577 vivendo
523 3513 650 3578 vincere
673 3511 802 3585 secula,

55 3627 138 3704 atque
160 3627 257 3692 etiam
281 3628 406 3710 petius,
423 3627 450 3692 si
473 3647 645 3710 numquam
668 3627 711 3691 sis
731 3626 901 3690 moriturus
914 3620 930 3708 ,³

24 3749 36 3796 o
55 3737 119 3816 quid
141 3740 391 3825 respondemus,
407 3742 470 3806 nisi
493 3742 607 3807 iustam
630 3739 794 3806 intendere
816 3740 902 3805 litem

54 3859 183 3918 naturam
207 3861 240 3920 et
261 3875 369 3919 veram
391 3854 497 3921 verbis
521 3873 679 3940 exponere
702 3857 859 3919 causam?

26 3967 190 4043 egrandior
212 3969 266 4034 hic
286 3988 363 4034 vero
385 3969 412 4034 si
434 3969 500 4034 iarn
524 3969 693 4052 seniorque
717 3975 869 4052 queratur

26 4084 137 4159 ratque
159 4083 281 4148 obitum
303 4084 495 4149 lamentetur
517 4085 614 4150 miser
636 4083 772 4168 amplius
793 4101 919 4164 aequo,

57 4239 241 4256 *Ἢ-αι-α

57 4343 99 4392 995
116 4345 176 4398 haee
195 4349 335 4400 omissum.
357 4347 370 4419 ΙΙ
391 4351 439 4400 941
461 4352 582 4401 offensori
602 4350 614 4419 11
636 4353 686 4401 949
706 4351 769 4400 ineis
789 4346 802 4418 ΙΙ
826 4351 875 4399 945
895 4347 977 4413 placet
1002 4349 1015 4418 Η
1042 4353 1091 4400 947
1111 4351 1165 4399 lan·

58 4443 138 4490 guenta
158 4433 284 4504 utereturi.
304 4437 318 4504 ΙΙ
339 4439 390 4487 948
409 4453 497 4502 perges
517 4435 530 4506 Η
551 4441 601 4488 990
620 4440 641 4487 si
686 4457 689 4462 ·
