3036 5150
324 341 365 408 78
860 342 894 408 Π

324 512 422 578 editio
438 511 577 578 Ornatas
592 513 692 576 armis
706 513 753 576 ita
768 525 889 578 statuas
904 525 1082 599 stantesque
1098 516 1273 580 animatas:
1294 513 1331 579 de
1349 514 1407 579 Bri·

323 614 427 681 xisnsi
451 619 483 678 st
504 613 681 680 Veronensi
705 613 785 678 nibil
807 615 884 680 certi
908 613 1016 680 dicere
1038 634 1170 700 possum
1190 623 1314 701 propter
1333 616 1408 680 stoli·

323 717 397 782 dam
416 715 664 798 Glasguensium
680 722 712 782 et
727 715 896 799 Forbigeri
910 716 1151 800 neglegentiam
1164 767 1172 784 .
1184 718 1241 784 sed
1262 719 1292 782 bi
1312 737 1409 784 sersus

323 820 443 885 tamin
467 818 609 902 oblongo
632 837 728 901 quam
751 819 784 883 iu
807 817 935 884 schedis
957 819 1084 886 rubrica
1102 821 1212 905 scripti
1227 820 1410 886 suntlittoris

322 921 525 1004 uncialibus,
548 919 737 1003 aquadrati
760 921 892 986 librario
916 921 1026 988 omissi
1050 923 1258 1007 complurium
1279 943 1411 988 versuum

323 1023 427 1108 spatio
450 1042 554 1089 vacuo
576 1023 708 1106 relicto;
732 1022 818 1106 quod
841 1024 945 1108 ipsum
969 1024 1115 1092 similiter
1137 1027 1170 1090 iu
1191 1032 1333 1110 quattuor
1352 1043 1412 1090 ser·

322 1127 411 1192 sibus
433 1125 507 1190 libri
529 1125 615 1190 tertii
639 1123 759 1189 lactum
782 1144 853 1191 esse
876 1125 1101 1192 demonstrabo
1125 1127 1168 1193 nd
1188 1129 1257 1193 eius
1271 1127 1340 1194 libri
1353 1147 1413 1192 ver·

323 1247 393 1294 sum
416 1227 479 1296 759
503 1277 510 1294 .
534 1227 568 1291 in
590 1226 651 1292 hoc
673 1232 779 1294 antem
804 1226 886 1293 libro
909 1228 1050 1294 secundo
1072 1249 1187 1296 versus
1208 1231 1290 1312 508,
1312 1229 1414 1296 ostes

323 1333 417 1414 item,
445 1330 479 1394 in
505 1327 646 1410 oblongo
676 1328 781 1394 rubris
810 1335 841 1394 et
862 1331 1043 1396 uncialibus
1064 1331 1179 1396 litteris
1202 1332 1334 1416 scriptus
1355 1337 1412 1414 est,

324 1451 460 1514 eumque
475 1430 651 1513 quadratus
666 1431 910 1517 praetermittit,
926 1431 984 1498 scd
1001 1451 1071 1498 cum
1087 1432 1214 1500 duobus
1229 1434 1301 1500 aliis
1316 1435 1413 1518 (Non-

321 1559 384 1622 que
395 1532 471 1597 alib
486 1567 521 1578 -—
536 1546 736 1616 exoraretur,
753 1533 868 1599 Οηιηία
885 1536 945 1620 cic)
961 1540 994 1600 et
1008 1536 1078 1600 sinc
1093 1535 1159 1600 ullo
1175 1535 1358 1608 interstitio:
1373 1555 1414 1601 co

323 1643 409 1702 teror
425 1633 457 1698 in
473 1632 614 1716 oblongo
630 1633 743 1700 eodem
759 1634 855 1702 modo
869 1638 1005 1722 scriptos
1025 1636 1201 1720 quadratus
1221 1626 1316 1705 hab'et
1328 1637 1414 1722 scrip

322 1745 394 1802 tura
408 1755 473 1800 non
489 1735 629 1818 insigni.
646 1737 667 1800 ii
684 1743 759 1802 sunt
773 1737 827 1823 bi,
844 1739 886 1805 94
900 1739 1053 1804 Plurrbrts
1068 1739 1203 1806 ostendit
1212 1789 1222 1824 ,
1241 1741 1303 1808 502
1319 1744 1415 1806 Aureo

318 1863 498 1927 pavonum,
523 1838 586 1902 710
606 1838 734 1906 Scilicet
748 1839 786 1904 c'd
794 1889 803 1923 ,
827 1839 890 1906 809
909 1840 998 1907 Scire
1013 1843 1104 1924 licet,
1127 1841 1188 1907 887
1206 1843 1414 1924 Quodnam,

320 1943 383 2008 909
399 1942 467 2008 Aur
477 1953 652 2026 nequeant,
670 1941 734 2006 962
749 1941 940 2028 Οααηιζᾳιιο,
960 1943 1042 2009 1012
1056 1945 1161 2010 Rebas
1173 1958 1203 2010 et
1212 1994 1221 2028 ‚
1240 1945 1320 2012 1023
1333 1945 1415 2010 Narro
1493 1967 1494 1980 ¹

321 2045 484 2125 animum,
509 2041 591 2106 1112
611 2043 698 2108 Nam
720 2067 780 2110 suo
801 2046 935 2130 coique:
957 2045 1086 2112 rubrica
1107 2053 1156 2114 est
1177 2048 1214 2113 in
1236 2047 1369 2130 oblongo
1387 2045 1415 2109 in

320 2165 417 2214 versu
432 2144 515 2228 608,
536 2144 604 2222 Quo
618 2167 711 2228 acac,
726 2145 785 2212 sed
800 2147 927 2214 litterae
943 2155 1125 2216 currentes.
1146 2150 1243 2235 paria
1257 2147 1306 2216 bis
1320 2148 1414 2213 obser·
1493 2137 1494 2142 ’

320 2249 396 2316 vavi
419 2247 452 2312 in
477 2246 705 2312 commentario
727 2247 801 2313 libri
822 2249 937 2334 primi,
959 2250 1001 2318 de
1020 2271 1116 2318 versu
1140 2252 1177 2316 11
1202 2257 1236 2318 et
1255 2251 1316 2316 411
1329 2297 1338 2317 .
1351 2269 1414 2315 enu·
1493 2293 1494 2312 t

320 2351 442 2420 meravi
458 2355 565 2416 autem
580 2348 731 2434 singula,
753 2351 831 2434 quia
846 2370 976 2418 causam
991 2354 1037 2420 rei
1053 2354 1245 2438 intellegere
1260 2373 1322 2419 non
1336 2349 1414 2438 potui

320 2457 410 2537 (nam
434 2451 535 2536 siquis
559 2470 614 2517 eos
637 2471 750 2518 versus
772 2452 807 2516 in
829 2455 1022 2539 exemplaris
1045 2456 1214 2540 archetypi
1229 2454 1414 2539 marginibus

315 2557 458 2642 ,scriptos
481 2554 580 2620 fuisse
602 2555 756 2639 coniciet,
778 2555 933 2640 errabit),
957 2565 989 2624 et
1003 2564 1038 2622 ut
1053 2565 1198 2643 apertum
1216 2558 1353 2626 iacerem
1366 2574 1414 2622 eos
1493 2597 1494 2606 2

323 2657 463 2724 absurde
486 2657 612 2740 egisse,
628 2657 682 2740 qui
704 2677 817 2724 versus
840 2659 939 2724 minio
954 2660 1090 2745 scriptos
1106 2667 1238 2746 propter
1252 2661 1354 2746 ipsum
1366 2657 1413 2724 mi-

319 2762 408 2826 nium
423 2760 612 2826 auctoritate
628 2778 737 2826 carere
757 2767 789 2826 et
807 2760 1088 2848 interpolatoribus
1104 2763 1335 2830 adscribendos
1352 2777 1414 2826 esse

321 2863 481 2929 dixerint.
498 2862 606 2946 itaque
628 2859 687 2926 bos
711 2861 751 2928 ds
773 2863 889 2946 quibus
911 2865 1040 2948 agimus
1062 2886 1176 2933 versus
1197 2865 1273 2932 libri
1295 2859 1414 2932 secundi
1493 2869 1494 2930 3

321 2965 386 3031 duo
413 2965 569 3030 Marullus
595 2964 735 3048 pessimo
767 2965 900 3031 consilio
929 2967 1043 3053 eiecit,
1078 2987 1217 3053 eumque
1245 2965 1415 3054 turpissime

322 3073 450 3156 praeter
472 3066 644 3132 nisantium
667 3067 820 3152 Piumque
848 3087 959 3136 omnes
987 3068 1088 3136 secuti
1110 3076 1208 3136 sunt.
1235 3064 1413 3136 emendandi

321 3189 400 3238 vero
415 3169 573 3234 rationem
587 3173 685 3253 poeta
699 3170 768 3254 ipse
784 3170 943 3256 ostendit,
964 3191 1035 3237 cum
1050 3191 1152 3258 prope
1167 3171 1303 3256 wdsm,
1323 3177 1356 3237 ut
1372 3187 1414 3234 sc
1493 3161 1494 3186 ³

319 3275 380 3358 let,
397 3273 512 3338 iterum
534 3269 617 3335 dixit
639 3270 672 3336 in
694 3270 775 3338 libro
798 3273 948 3358 v,1228,
971 3273 1234 3361 chaperatorem
1249 3276 1358 3342 clrasssb
1370 3296 1414 3337 sn·
1493 3345 1494 3360 ,

316 3401 376 3464 per
398 3397 538 3461 aequora
558 3373 656 3438 verrit
678 3371 755 3440 Cum
776 3375 896 3441 cclidrb
912 3379 1039 3462 pariter
1060 3376 1235 3462 tagebertus
1256 3391 1347 3464 atque
1365 3372 1415 3439 ele·

316 3477 468 3565 plantis.
484 3474 655 3558 exquibus
670 3483 807 3561 apparet
828 3476 908 3543 haec
930 3479 976 3544 ita
997 3476 1139 3562 legenda
1160 3497 1253 3562 esse,
1270 3473 1414 3546 subsidiis

318 3579 522 3666 maprrsbuun
537 3597 768 3644 nnssnnnsrs
783 3581 1018 3664 commoditas,
1034 3579 1173 3646 Ornatas
1188 3583 1290 3646 amis
1300 3629 1309 3665 ,
1324 3595 1413 3641 rsur-
1493 3663 1494 3666 Ἴ

318 3700 658 3766 nss‚ssn1nsnous
680 3683 860 3750 animatas.
882 3681 916 3748 in
937 3701 1033 3748 versu
1047 3681 1154 3767 priore
1169 3701 1277 3768 neque
1290 3675 1416 3768 upote
1493 3673 1494 3750 ἶ

320 3801 425 3868 neque
441 3784 589 3869 epicuros
606 3783 758 3850 subsidias
773 3785 862 3852 locus
877 3803 950 3851 esse
965 3790 1090 3870 potest:
1113 3785 1217 3851 altera
1239 3785 1324 3851 enim
1337 3778 1414 3848 nulla

320 3895 414 3969 sunt,
437 3884 539 3951 altere
553 3890 650 3970 putta
665 3905 764 3952 sanus
778 3889 933 3954 sociorum
955 3885 1111 3972 dixisset,
1135 3907 1240 3971 neque
1259 3887 1293 3952 in
1308 3886 1412 3950 luscu-

319 3989 404 4054 lanis
415 4008 446 4072 r,
458 3988 519 4053 116
532 3986 642 4053 Cicero
656 3989 702 4053 ita
714 3987 822 4055 dicere
833 3989 936 4074 potuit
947 3991 1090 4076 epicurei
1100 3991 1204 4056 nostm
1210 4040 1220 4074 ,
1232 4003 1412 4074 quamquam

321 4090 387 4157 scio
410 4091 607 4177 epibctoram
622 4089 812 4156 vocabulum
835 4093 868 4156 in
890 4111 951 4157 usu
966 4092 1155 4157 Latinorum
1171 4091 1272 4160 fuisse
1288 4139 1296 4154 .
1311 4087 1366 4156 sed
1385 4088 1411 4148 tl
1493 4107 1494 4152 3

319 4193 498 4280 ebpbonws
520 4191 607 4257 etin
628 4191 730 4258 altero
752 4211 848 4258 versu
873 4192 1000 4259 validas
1021 4193 1167 4278 legiones
1189 4193 1270 4260 liber
1297 4191 1412 4278 quintus

320 4301 385 4362 tam
408 4300 519 4380 aperte
541 4292 743 4360 commendat
763 4301 799 4360 ut
821 4295 961 4361 dubitari
976 4295 1032 4362 rix
1046 4297 1171 4382 possit.
1186 4315 1245 4363 eae
1260 4301 1361 4362 rursm
1375 4289 1412 4353 lc·
1493 4285 1494 4320 r

319 4397 433 4482 giones
455 4396 554 4461 armis
577 4401 710 4462 ornatae
732 4416 842 4464 omnes
869 4397 952 4464 inter
973 4417 1009 4464 se
1023 4401 1153 4486 parrtsr
1175 4401 1331 4466 anemae
1350 4406 1412 4458 esso
1493 4439 1494 4448 ,

320 4498 457 4582 debent,
473 4503 509 4563 ut
523 4497 606 4582 sint,
620 4517 714 4582 quem
729 4499 904 4567 admodum
919 4499 1053 4568 Plautus
1069 4500 1147 4570 dicit
1161 4501 1196 4568 in
1210 4494 1413 4568 Bacchidibus
1493 4495 1494 4574 Q
