3020 5146
541 465 568 528 V
659 413 672 456 ὃ

35 639 132 702 tritium
154 638 245 704 celeri
269 638 388 704 celetur
411 637 535 718 origine
557 637 725 700 flemnrae.

35 756 59 818 ic
77 736 161 834 igitur
181 752 280 817 solem
302 753 409 817 lunam
433 752 605 832 stellasque
626 750 835 835 putandumst

35 888 56 930 u
73 867 127 930 alic
148 873 239 948 atque
260 866 325 930 alio
347 867 451 932 luceru
473 867 592 932 iactare
615 866 747 930 subortu

34 989 48 1046 rt
64 982 180 1064 primum
203 980 353 1063 quicquid
373 981 572 1046 flemmarum
596 979 731 1064 perdere
755 999 899 1064 semper3

34 1094 196 1159 nriolabilia
216 1095 296 1160 haec
319 1115 359 1161 ne
381 1095 493 1162 credas
516 1095 597 1160 forte
620 1094 746 1178 vigere.

56 1211 180 1294 Denique
200 1233 264 1278 non
286 1211 412 1295 lapides
436 1229 564 1293 quoque
586 1209 670 1274 vinci
694 1209 797 1274 cernis
820 1209 862 1274 ab
885 1227 986 1292 aevo,

34 1343 74 1387 ron
93 1327 167 1392 ultus
187 1329 279 1392 turris
303 1345 394 1392 ruere
417 1331 449 1390 et
470 1331 652 1419 putrescere
674 1341 777 1400 sexu,

34 1457 74 1502 ron
92 1438 214 1506 delubra
235 1442 332 1508 deum
354 1439 590 1520 simulacraque
613 1437 702 1504 lesse
724 1435 848 1521 fatisci,

34 1572 70 1616 rec
87 1559 217 1618 sunctum
240 1575 359 1620 numen
382 1553 441 1619 tati
464 1553 635 1638 protollere
658 1551 729 1617 linis

34 1687 214 1750 poscensque
237 1668 396 1734 adversus
416 1675 553 1733 naturae
576 1665 711 1732 loedere
733 1666 816 1730 niti?

34 1777 135 1861 lenique
156 1803 216 1847 non
239 1781 436 1848 monimento
457 1783 559 1846 virum
582 1781 711 1866 dilapsu
733 1779 898 1863 videmus,

34 1911 88 1972 quac
106 1895 165 1962 lore
185 1918 342 1983 proporro
366 1897 562 1978 vetitumque
585 1915 753 1962 senescere
775 1894 908 1970 credas,

34 2023 75 2070 rou
92 2029 171 2075 ruere
192 2013 325 2078 avolsos
346 2012 454 2076 silices
477 2031 497 2075 a
518 2011 678 2076 montibus
700 2010 775 2074 eltis

34 2139 72 2186 rec
87 2124 200 2191 ualidas
221 2127 293 2191 aevi
316 2125 401 2192 vires
423 2125 565 2210 perferre
587 2124 718 2207 patique

39 2233 110 2299 finiti?
123 2259 220 2322 neque
243 2242 329 2305 enim
353 2241 506 2348 caderent
527 2237 639 2304 avolsa
661 2245 813 2324 repente,

36 2367 63 2410 cr
78 2351 175 2418 infinito
198 2374 285 2436 quae
308 2362 451 2440 tempore
474 2354 724 2438 pertolerassent

34 2465 109 2530 cunia
126 2475 281 2535 tormento
302 2470 436 2554 aetatis,
453 2469 579 2553 private
601 2469 749 2554 fragore.

57 2579 177 2664 [lenique
197 2585 263 2648 iam
289 2590 377 2651 tuere
400 2585 480 2668 hoc,
497 2583 613 2650 circum
636 2603 796 2668 supraque
820 2583 905 2665 quod
928 2600 1055 2648 ornnem

33 2693 134 2760 mulnet
154 2700 305 2784 amplexu
326 2707 464 2766 terram:
481 2699 507 2764 si
530 2705 679 2784 procreet
702 2719 742 2764 ex
765 2717 800 2763 se

33 2808 125 2894 cunia,
140 2813 221 2894 qnod
244 2812 377 2896 quidam
399 2819 597 2896 memorant,
613 2814 789 2896 recipitque
811 2817 993 2896 perempte,

33 2921 100 2984 letum
120 2927 253 2992 nativum
278 2929 405 2994 mortali
428 2947 561 3013 corpore
584 2934 728 2993 constat.

33 3051 81 3098 un
101 3041 175 3119 quod
198 3061 336 3124 cumque
357 3044 439 3109 alius
463 3063 503 3110 err
526 3063 562 3109 se
585 3061 636 3108 res
658 3047 755 3125 auget
776 3041 917 3124 alitque,

33 3143 137 3216 deminui
157 3154 272 3234 debet,
288 3156 445 3240 recreari,
462 3177 533 3222 eum
556 3157 667 3241 recipit
688 3175 760 3222 res.
920 3153 922 3157 ’

57 3261 205 3336 Praeterea
227 3272 255 3336 si
277 3271 367 3336 nulla
389 3269 447 3336 fuit
469 3272 617 3354 genitalis
639 3271 729 3356 origo

33 3377 152 3446 terrumm
174 3391 205 3450 et
226 3386 310 3452 eseli
333 3405 522 3470 semperque
545 3391 676 3451 aeterna
697 3385 807 3470 suere,

33 3507 69 3552 rur
86 3515 191 3580 supere
212 3501 330 3567 bellum
354 3500 543 3567 Thebanum
567 3509 598 3566 et
620 3501 732 3566 sunere
754 3501 873 3565 Troice

33 3609 168 3678 rosarias
188 3615 243 3680 elii
267 3635 394 3698 quoque
415 3635 468 3682 res
491 3615 634 3682 cecinere
655 3615 798 3700 poetae?

33 3739 75 3798 qun
93 3731 132 3790 tot
151 3730 236 3796 lecto
258 3731 359 3794 virum
383 3729 499 3797 totiens
522 3729 667 3796 cecidere
688 3749 793 3813 neque
815 3749 951 3812 usquam

33 3841 139 3906 aeternis
159 3843 264 3910 famas
287 3846 489 3912 monimentis
510 3846 609 3912 insite
630 3845 772 3910 florent?

33 3965 113 4019 terum
125 4007 132 4034 ‚
146 3965 179 4022 ut
199 3961 332 4044 opinor,
349 3959 446 4027 hebet
467 3959 636 4026 novitatem
660 3980 805 4044 summu,
821 3977 996 4042 recensque

33 4071 147 4135 naturast
167 4073 275 4140 mundi
297 4093 403 4158 neque
425 4071 551 4159 pridem
574 4075 706 4142 exordia
727 4075 830 4160 cepit.

34 4189 118 4209 '‘bn-.-

36 4255 68 4300 ³stl
86 4259 195 4312 coleretur
219 4263 231 4331 Η
257 4267 307 4315 302
327 4267 482 4330 putendum.
508 4263 520 4334 Η
546 4271 596 4318 304
615 4267 737 4330 quidquid
763 4265 776 4332 Η
804 4269 853 4316 310
874 4265 1004 4316 foederent
1028 4261 1041 4332 Η
1070 4267 1119 4314 312

36 4335 134 4396 Quaerere
153 4347 164 4414 ΙΙ
182 4351 229 4400 sibi
249 4369 355 4418 cumque
376 4353 389 4422 Η
410 4358 461 4406 ele
479 4369 570 4404 omne.
592 4351 604 4422 Η
625 4355 675 4404 326
695 4353 786 4404 lunare
805 4351 820 4420 Η
840 4355 888 4403 827
910 4353 944 4402 oli
965 4349 979 4420 Η
999 4353 1047 4401 331
1069 4351 1120 4400 Nu·

37 4432 76 4474 inre
91 4436 188 4488 mundist
