2996 5148
534 502 561 566 V

49 674 127 737 Nunc
148 677 227 754 quae
250 693 349 738 cauea
371 671 466 738 deum
489 692 545 757 per
566 691 702 756 magnae
726 673 858 738 numina
879 674 985 759 gentis

25 788 189 870 pervulgarit
213 793 244 854 et
266 807 391 852 ararum
415 787 623 872 compleverit
644 787 732 853 urbis

25 903 257 986 accipiendaque
281 904 398 968 curarit
419 899 592 968 sollemnia
614 923 726 986 sacra,

25 1037 84 1100 quae
103 1039 180 1084 nunc
201 1019 233 1084 in
257 1018 385 1101 magnis
405 1017 520 1084 florent
542 1037 636 1083 sacra
660 1018 746 1082 rebu'
768 1017 932 1098 locisque,

25 1133 86 1198 mdc
105 1135 191 1198 etiam
214 1153 299 1199 nunc
321 1139 369 1200 eet
391 1134 578 1199 mortalibus
601 1131 715 1198 insitus
737 1132 869 1232 bonor,

25 1248 61 1328 qui
78 1247 201 1314 delubra
223 1249 320 1314 deum
343 1269 428 1314 nora
450 1255 516 1315 toto
540 1249 673 1314 suscitat
695 1248 763 1312 orbi
785 1271 790 1278 ·

25 1373 144 1428 terrarum
167 1371 197 1429 et
218 1366 311 1431 festis
334 1367 421 1447 cogit
443 1363 606 1430 celebrare
629 1363 763 1449 diebus,

25 1497 69 1541 uun
86 1478 125 1545 ita
144 1479 303 1548 difficilest
326 1481 479 1547 rationem
503 1479 639 1546 reddere
659 1479 784 1545 verbis,

25 1594 113 1679 quippe
133 1597 245 1662 etenim
269 1599 335 1662 iam
357 1605 422 1662 tum
446 1595 550 1662 divom
576 1595 725 1661 mortalia
747 1595 859 1662 saecla

25 1711 140 1795 egregiae
161 1714 265 1778 animo
291 1711 393 1778 facies
415 1712 569 1795 vigilante
592 1711 763 1795 videbant,

25 1833 44 1888 et
60 1827 146 1907 magia
166 1827 198 1891 in
220 1827 343 1894 somnis
366 1827 512 1893 mirando
536 1826 679 1912 corporis
702 1833 819 1891 auctu.

25 1939 59 2003 bie
76 1941 157 2024 igitur
177 1963 307 2010 aeneum
330 1942 511 2008 tribuebant
535 1949 707 2026 propterea
729 1941 815 2024 quud

27 2057 135 2122 nenbra
154 2079 284 2126 movere
308 2058 499 2122 videbantur
520 2076 679 2138 vocesque
701 2058 858 2142 superbae

29 2169 118 2238 uitare
138 2195 193 2258 pro
215 2173 302 2240 facie
324 2173 494 2258 praeclara
517 2179 548 2238 et
569 2171 700 2237 viribus·
715 2172 853 2256 amplis.

35 2293 216 2373 aeternamque
238 2290 362 2356 dabant
383 2291 503 2365 vitam,
521 2289 598 2370 quia
621 2307 747 2373 semper
769 2307 879 2353 ectum

35 2397 254 2484 subpeditabatur
277 2405 380 2470 facies
403 2411 434 2470 et
455 2403 559 2470 forma
581 2403 753 2486 manebat,

33 2522 52 2574 rt
66 2521 150 2583 tamen
172 2521 301 2586 omnino
327 2519 412 2602 quod
436 2519 533 2585 tantie
555 2519 677 2584 viribus
700 2525 812 2584 auctos

31 2637 194 2700 contenere
216 2635 285 2701 ulla
308 2636 339 2702 ri
363 2635 507 2700 convinci
530 2655 626 2718 posse
649 2635 825 2719 putabant.

28 2737 189 2830 iamneque
210 2751 286 2818 ideo
308 2750 405 2836 longe
427 2756 592 2834 praestare
614 2751 791 2834 putabant,

29 2861 89 2934 itud
110 2865 209 2930 martie
232 2867 329 2930 timor
349 2864 428 2930 baut
449 2884 641 2946 quemqnam
663 2869 796 2928 vexaret
818 2883 947 2945 eurum,

27 2977 47 3032 et
64 2975 141 3042 simul
161 2979 193 3044 in
215 2979 340 3045 somnis
363 2979 437 3062 quia
459 2979 559 3042 muita
581 2985 613 3042 et
634 2979 715 3042 mira
736 2977 887 3041 videbant

27 3082 121 3154 eiicere
142 3103 170 3158 et
190 3095 314 3160 nullum
337 3113 453 3178 capere
475 3094 562 3177 ipsos
585 3093 660 3156 inde
685 3093 849 3156 laborem.

28 3209 158 3276 praeterea
180 3209 261 3275 caeli
284 3208 424 3274 rationes
447 3207 559 3272 ordine
583 3213 669 3272 eertc

28 3317 140 3384 etruria
160 3343 313 3389 annorum
338 3323 512 3388 cernebant
534 3329 680 3406 tempora
703 3321 802 3404 verti,

31 3443 71 3492 nte
88 3441 224 3516 poterant
247 3439 363 3521 quibua
386 3436 419 3500 id
443 3436 534 3500 fieret
556 3455 752 3518 cognoscere
774 3435 901 3500 causis:

29 3555 83 3619 ‘³¹30
102 3551 270 3634 perfugium
295 3553 354 3618 sibi
380 3550 542 3616 habebant
564 3551 671 3616 omnia
694 3551 777 3617 divis

30 3656 123 3728 tradere
143 3671 172 3730 et
193 3668 321 3732 illorum
345 3676 424 3731 nutu
446 3666 554 3731 facere
577 3667 683 3730 omnia
705 3666 809 3732 flecti.

31 3765 53 3828 iu
69 3777 202 3863 caeloque
226 3783 322 3849 deum
346 3781 441 3847 sedes
464 3787 496 3846 et
518 3783 637 3865 templa
659 3782 823 3865 locarunt,

32 3897 71 3960 per
88 3894 196 3959 caelum
218 3897 304 3962 volvi
328 3895 404 3978 quia
425 3896 480 3960 lux
504 3903 534 3961 et
556 3895 634 3960 luna
656 3895 800 3980 videtur,

34 3989 103 4086 tuna,
119 4007 201 4087 dier,
216 4017 248 4076 et
270 4032 355 4094 nox,
371 4019 403 4074 et
426 4011 526 4076 noctis
550 4013 643 4094 signa
665 4029 803 4093 serena,

34 4117 247 4208 noctivagaeque
269 4125 359 4192 iaces
382 4125 462 4192 caeli
476 4177 484 4206 ‚
500 4124 709 4208 flammaeque
732 4125 901 4204 volantes,

105 4295 198 4306 -—-.-

37 4383 199 4460 tliiprcptere
219 4397 233 4468 ΙΙ
254 4403 320 4450 1178
334 4401 379 4450 illa
400 4403 413 4466 ΙΙ
436 4403 501 4450 1184
515 4401 597 4450 uariae
617 4401 629 4468 iq
653 4401 719 4448 1185
733 4401 820 4448 fierent
840 4397 853 4467 ΙΙ
875 4403 940 4450 1189
954 4416 1007 4449 nox
1025 4399 1038 4470 Η
1056 4405 1121 4451 1190

34 4479 124 4527 eucerii
143 4481 154 4552 Η
173 4501 271 4539 reuma.

856 4582 921 4653 13*
