3096 5142
664 357 708 420 IV
1177 357 1240 426 265

138 529 265 616 exponit
279 527 437 596 adverbia
448 527 603 614 optandi,
619 528 730 612 qualia
744 534 818 596 sunt
832 529 954 596 atinam
965 536 998 596 et
1011 529 1105 596 velim
1121 529 1240 597 ‚huius
1273 561 1275 566 ·

137 633 231 701 rerba
241 632 363 699 subieoi
375 680 383 715 ‚
395 649 480 716 quae
492 629 732 698 Lindemannus
744 633 836 698 unois
849 631 1014 699 includere
1025 651 1122 726 quam
1135 652 1239 700 emen·

136 736 209 802 dare
223 735 357 802 maluit.
373 733 518 822 Optaodr'
525 783 534 818 ‚
549 735 670 800 attritam
686 736 811 820 veneat,
827 736 920 801 uelim
934 750 1062 802 currat.
1079 760 1174 824 quom
1189 760 1239 802 vo-

136 839 281 905 luntatem
297 837 391 903 dubio
405 836 537 924 (legitur
549 825 684 926 paedia)
703 839 884 924 praeimam
906 863 971 905 ease
993 863 1062 905 eum
1085 838 1239 918 dicimus,

135 955 165 1006 ut
178 939 274 1027 (den.
290 961 312 1023 ι,
325 939 402 1023 626)
423 938 532 1027 ‘Seque
551 953 652 1006 ortam
671 941 804 1026 antiquo
821 941 1010 1008 Teucrorum
1030 967 1051 1008 a
1070 943 1168 1030 stirpe
1188 966 1240 1034 vof
1370 993 1376 1004 .

135 1044 218 1110 zelor
230 1093 240 1128 ,
262 1044 344 1110 eott‘a
366 1067 432 1110 esee
454 1067 630 1131 comparem
652 1041 832 1108 oredimus.
854 1043 961 1128 e'taqae
983 1067 1039 1110 uae
1054 1043 1142 1131 fidei
1160 1067 1239 1110 eom·

14 1213 15 1216 ,
134 1147 297 1213 mebrorum
318 1147 464 1212 voluutas
487 1145 562 1231 (hoc
585 1152 634 1212 est
655 1144 734 1211 illud
756 1143 869 1229 veno)
891 1148 1020 1232 sequius
1041 1149 1190 1232 accessit,
1205 1161 1240 1214 ut

133 1272 185 1314 ooo
206 1248 342 1334 (legitur
362 1247 439 1333 oon)
465 1250 501 1314 sir
531 1273 568 1315 eo
593 1273 710 1336 perere
739 1247 871 1335 (legitur
896 1248 1038 1334 praeter)
1064 1248 1238 1334 iodicium,

134 1354 277 1438 quomesb
304 1351 433 1417 toet'ttrm
459 1375 525 1418 steo-
541 1351 763 1438 ademptum,
786 1363 925 1417 votorum
955 1351 1033 1417 solii
1060 1352 1183 1418 niardus
1211 1365 1240 1418 et

133 1453 260 1520 indebitis
282 1452 415 1539 (legitu-
437 1466 465 1520 et
486 1453 656 1539 benefict‘air)
678 1452 893 1520 crederemus.

213 1557 288 1624 989.
311 1577 358 1619 nn
378 1576 545 1621 eronus.
568 1555 736 1622 Oomeotor
757 1555 889 1639 oblongi
913 1555 952 1622 de
974 1556 1112 1643 palmea,
1129 1555 1239 1640 itaque

133 1659 289 1726 Antonius
317 1658 434 1743 Marii,
458 1659 534 1725 item
562 1659 638 1724 olim
668 1659 816 1744 impressi
848 1664 881 1724 et
909 1657 1092 1724 Marullus.
1120 1659 1238 1726 reotius
1318 1729 1321 1736 ,

132 1761 305 1829 Lambinus
327 1761 366 1828 de
386 1781 529 1826 runnu.
1275 1777 1278 1784 ’

212 1866 287 1932 990.
333 1866 413 1930 Aur
447 1885 558 1936 oousr
591 1885 822 1930 concurrens
855 1885 1086 1957 strennuus
1124 1885 1238 1928 sassa

133 1989 294 2040 ourarn.
318 1966 378 2032 Hie
392 1963 628 2033 Wakefieldum
651 1969 772 2052 miror,
797 1969 851 2052 qui
869 1968 1046 2035 Bentleium
1069 1967 1173 2034 solum
1195 1966 1238 2034 ad

132 2069 210 2136 huno
223 2089 356 2137 versum
371 2069 545 2137 offendisse
561 2071 666 2155 dieat,
683 2091 752 2136 oum
768 2077 896 2156 praeter
911 2071 1084 2138 Aeantium
1100 2077 1132 2138 et
1146 2069 1238 2136 Pium

15 2175 16 2180 ’
132 2179 200 2257 post
210 2172 382 2258 Marullum
396 2191 509 2238 omnes
520 2173 732 2240 offenderint.
748 2180 918 2240 astantem
930 2173 1135 2240 manifestum
1146 2198 1239 2261 seqre

132 2277 228 2362 quiete
247 2275 285 2340 in
307 2275 392 2340 huno
413 2293 540 2342 versum
556 2296 582 2342 e
603 2277 750 2361 proximo
771 2277 896 2360 (verum
912 2278 996 2344 enim
1012 2275 1157 2342 ordinem
1172 2277 1239 2342 Ma·

132 2377 226 2444 rullus
257 2377 411 2462 restituit)
438 2397 496 2462 per
525 2378 728 2444 librariorum
755 2398 895 2446 errorem
920 2381 1075 2447 vonisse.
1098 2377 1238 2446 Lucretii

131 2481 250 2567 rerba,
275 2499 360 2564 quae
383 2499 423 2546 ex
444 2481 526 2546 libro
542 2503 575 2566 11,
588 2482 651 2548 263
673 2488 783 2567 petere
803 2482 976 2549 Lambinus
999 2482 1118 2548 frustra
1138 2489 1238 2567 tomp-

132 2585 232 2670 tarit,
255 2583 421 2669 perierunt
442 2602 502 2648 neo
524 2588 659 2668 possunt
681 2591 769 2650 oerta
790 2587 972 2652 oonieetura
994 2584 1168 2670 reprendi.
1190 2585 1238 2652 rei

132 2687 298 2752 eonveniet
318 2685 465 2772 oollr'pere
487 2699 605 2751 aestuem
627 2687 680 2752 vel
703 2687 825 2771 aliquid
850 2688 920 2770 eius
942 2687 1049 2752 modi.

211 2789 287 2857 993.
311 2789 386 2872 Ετ,
412 2789 503 2854 1002.
527 2789 605 2855 Ur.
628 2791 679 2856 Ita
700 2789 801 2854 eodan
823 2795 978 2874 uterque.

211 2891 286 2960 995.
309 2912 405 2956 sues
428 2911 660 2963 oonsronrra
684 2911 877 2956 crannus.
901 2891 1069 2959 Oorreetor
1087 2891 1236 2977 quadrati

15 3067 16 3080 p
132 2997 224 3082 quoti
243 2992 372 3060 deiide.
395 2993 468 3060 itali
489 3015 614 3059 runnu
637 2997 735 3082 quusi
752 3015 913 3058 unorrs.

14 3163 15 3174 ,
211 3098 286 3166 996.
313 3117 507 3161 nrsoussrs
529 3118 699 3194 sannaus
726 3117 958 3166 unnuoarous
984 3118 1032 3162 sn
1059 3119 1130 3166 su.
1159 3101 1237 3166 Tur·

131 3199 228 3268 nebus
251 3219 479 3269 nanoursns.

211 3304 286 3372 997.
311 3303 366 3368 An
387 3323 577 3368 consonus
592 3323 686 3368 nourr
702 3353 710 3369 .
726 3303 948 3370 Wakefieldus
962 3317 1108 3370 consueto
1122 3303 1216 3372 mma
1226 3355 1235 3389 ,
1366 3287 1369 3294 ¹

14 3399 15 3422 ¹
131 3403 228 3472 dandi
250 3425 352 3490 easu,
375 3425 469 3489 quem
497 3406 571 3472 huie
594 3407 693 3473 verbo
717 3406 903 3474 adiunctum
930 3411 1005 3472 ante
1027 3407 1237 3474 Columellam

130 3527 190 3574 non
206 3507 358 3575 invenio.
374 3509 571 3592 ablativum,
587 3509 616 3574 si
632 3509 785 3576 credibile
800 3515 868 3595 est,
884 3509 1053 3577 Terentius
1065 3507 1192 3575 addidit
1203 3510 1236 3576 iu

130 3608 286 3697 Adelphis
296 3631 339 3697 ιν,
351 3611 382 3698 5,
395 3611 457 3697 32,
473 3613 532 3698 qui
544 3611 605 3676 illo
619 3615 777 3680 eoueueor‘t
788 3615 899 3699 prior,
915 3611 948 3678 id
965 3613 1078 3696 estqui
1094 3631 1165 3678 oum
1181 3613 1237 3678 illa

130 3714 257 3780 suerit.
280 3719 366 3780 eerto
380 3714 599 3802 adsuefactam
613 3739 753 3782 remoue
770 3715 919 3782 dixerunt
938 3721 1064 3782 veteres
1081 3764 1089 3798 ‚
1105 3698 1252 3782 inferior'

130 3821 218 3882 aetas
233 3819 373 3884 sermoni
381 3866 388 3882 .
403 3815 461 3883 sed
477 3829 641 3883 consuetus
656 3819 774 3902 estqui
790 3819 873 3884 vixit
887 3837 959 3884 eum
974 3819 1048 3884 aliis
1064 3818 1245 3910 (consuetos

129 3941 192 3985 ono
202 3919 306 3986 Varro
319 3920 397 3986 dioit
411 3939 518 3986 rerum
534 3926 611 3986 rust.
624 3941 657 4004 n,
670 3921 701 4005 3,
714 3921 749 4006 2)
762 3927 793 3985 et
807 3921 963 4006 paulatim
980 3921 1235 4007 mansuefactus,

130 4021 251 4088 seilioet
271 4021 314 4088 ad
337 4023 515 4089 oouvietum
541 4028 572 4088 et
600 4021 848 4090 familiaritatem
870 4021 1066 4108 perductus,
1090 4042 1129 4089 ao
1151 4024 1241 4091 domi

130 4121 281 4207 domiue,
296 4130 332 4190 ut
354 4124 432 4191 dieii
452 4130 550 4211 poeta
570 4125 604 4190 in
623 4147 652 4222 r,
668 4125 773 4194 1334.
789 4126 835 4191 ita
851 4125 983 4191 Plautus
999 4125 1031 4190 in
1047 4125 1200 4192 Asinaria
1214 4149 1236 4212 1,

130 4224 159 4310 3,
167 4227 208 4294 69
219 4225 333 4292 Isidoro
345 4229 395 4294 bie
406 4228 497 4316 opud
505 4251 562 4292 etos
574 4227 684 4294 ..aedis
693 4227 741 4314 (id
753 4235 802 4294 est
813 4227 906 4293 αεᾱοε
917 4227 1035 4312 plurali
1048 4234 1135 4294 recto
1144 4229 1235 4312 oasa)

130 4329 216 4395 aaut
226 4341 332 4395 areant
336 4380 346 4413 ‚
357 4353 473 4418 auceps
480 4354 550 4399 aum
562 4354 631 4416 epo,
644 4331 730 4396 Esco
742 4343 786 4396 eat
796 4332 946 4396 mercorio
950 4380 959 4414 ,
972 4330 1068 4396 laetam
1078 4330 1166 4396 iales
1178 4344 1235 4413 eat,

49 4497 54 4514 ⁸
131 4444 283 4498 amotores
296 4454 369 4510 orrea
385 4481 392 4496 .
408 4433 497 4499 Beue
508 4431 675 4498 salutando
688 4439 900 4498 oonsuosount
911 4482 919 4516 ‚
932 4430 1138 4518 compellendo
1149 4431 1235 4496 hluo-

132 4529 223 4620 ddor,
233 4531 425 4624 osmundo,
438 4536 578 4604 oratioue
589 4535 722 4602 moneto
732 4535 912 4602 venustula.
925 4533 980 4601 ubi
993 4540 1042 4600 est
1051 4533 1149 4620 paulo
1162 4539 1237 4602 anta
