3096 5142
669 403 698 468 V
1175 403 1239 470 289

129 573 295 663 complemus
320 575 455 640 romanet
483 574 637 639 Terram.
663 573 827 658 utriusque
857 578 965 641 autem
993 577 1110 660 poetae
1137 574 1240 640 oratio

129 679 229 763 vulgo
250 678 360 764 inepte
383 675 535 743 distincta
557 675 798 743 oiroumlertur.
953 749 959 760 ‚

215 779 289 848 326.
315 799 360 844 nr
386 799 535 844 suusne
561 799 699 844 ιιιοιιιι
727 779 808 845 Nou
833 798 942 842 surus
963 799 1049 846 ιιι.
1072 778 1242 848 corrector

129 883 262 968 oblongi
284 901 456 948 sununs.
478 882 553 949 itali
574 903 672 948 ιιιι.
726 905 728 908 ·

215 987 290 1054 331.
318 987 479 1052 Menneu
500 1006 689 1054 nuunrsr.
712 984 782 1052 Hoo
809 983 1046 1052 Wakefieldum
1075 1005 1147 1053 oum
1173 988 1241 1054 suis

128 1091 212 1158 tueri
235 1089 307 1174 quis
329 1087 468 1156 eredat?
483 1087 638 1155 Marullus
660 1088 789 1154 Natura
809 1108 874 1152 ssu
896 1090 1028 1158 mandi.

216 1193 290 1260 337.
313 1211 377 1263 our
397 1210 555 1255 rossru.
578 1189 675 1277 Apud
695 1189 897 1256 Laetantium
913 1241 921 1276 ‚
935 1192 996 1275 ,qui
1019 1192 1069 1258 his
1092 1195 1241 1262 versibus

128 1298 231 1364 utitur
246 1295 319 1360 inst.
334 1315 382 1379 111,
397 1293 446 1376 16,
462 1293 521 1376 14,
537 1295 755 1381 quiposeam:
774 1291 833 1359 sed
847 1293 1070 1378 Heusingerus
1084 1295 1118 1361 in
1133 1297 1241 1365 obser·

4 1464 5 1483 ,
128 1397 315 1467 rationibus
337 1417 369 1483 p.
384 1395 427 1464 49
449 1395 483 1462 in
506 1394 656 1462 (iothano
679 1393 789 1462 codiee
807 1398 929 1484 possim
952 1402 1062 1464 extare
1085 1405 1240 1466 testatur.

217 1501 291 1570 339.
314 1501 389 1567 San
410 1519 586 1563 nnnresn.
610 1498 765 1566 Marullus
786 1520 977 1566 esurrssn.

217 1603 291 1670 342.
318 1621 437 1667 susus
462 1622 507 1666 ιι
536 1621 696 1667 esurus.
730 1600 889 1668 Antonius
915 1601 1011 1668 Marii
1033 1609 1066 1670 et
1087 1602 1241 1674 Marullus

127 1727 254 1780 suone
271 1757 278 1771 .
299 1705 375 1772 olim
391 1703 539 1790 impressi
554 1729 592 1771 ac
601 1754 611 1790 ,
626 1702 712 1790 quod
734 1703 855 1790 placuit
869 1703 1071 1772 Wakefieldo
1087 1713 1119 1772 et
1140 1707 1241 1776 simiis

129 1809 325 1879 Germanis.

5 1984 7 2003 ‚
110 1967 116 1976 .
218 1912 292 1980 349.
308 1910 424 1982 Iussu
437 1930 504 1976 uos
519 1931 595 1975 rursu
609 1929 709 1984 ouon
723 1929 861 1976 ιιοιιιιι
876 1933 1134 1978 sssnsscmrus
1149 1933 1242 1978 mum

4 2037 7 2098 3,
129 2018 264 2088 Arous
293 2035 393 2080 ιιιι.
416 2014 505 2080 Haeo
533 2013 598 2079 iam
626 2015 702 2080 olim
731 2014 777 2080 ite
802 2015 955 2082 distincta
977 2035 1050 2082 esse
1071 2015 1188 2102 video,
1208 2022 1244 2084 ut

4 2107 5 2118 ἵ
129 2119 406 2202 coniungerentur
427 2115 527 2201 haee,
543 2117 610 2183 Neo
623 2119 746 2184 ratione
761 2117 833 2182 alio
850 2119 1007 2204 mortales
1020 2143 1085 2186 esse
1099 2105 1243 2186 uidemur

127 2225 222 2289 Inter
243 2243 320 2287 nos.
336 2237 421 2304 quae
442 2238 514 2286 oum
537 2219 681 2286 absurda
695 2239 767 2287 esse
782 2219 936 2286 Marullus
959 2222 1046 2288 solus
1068 2221 1243 2290 intellexis-

128 2331 180 2394 set
203 2323 295 2409 (sunt
315 2323 402 2388 euim
424 2321 518 2389 huius
538 2321 647 2406 modi,
664 2321 817 2388 Mortales
839 2327 872 2388 et
892 2342 953 2389 nos
976 2343 1049 2390 esse
1070 2331 1102 2390 et
1117 2343 1172 2391 eos
1188 2324 1243 2409 qui

128 2433 269 2495 mortem
292 2424 461 2508 obierunt,
482 2444 523 2490 ex
545 2442 584 2490 eo
606 2429 743 2509 apparet
764 2423 851 2508 quod
872 2431 1065 2511 temptamur
1086 2426 1242 2513 morbis),

127 2529 264 2616 eoripsit
283 2547 348 2595 nou
367 2528 472 2593 miuu'e
488 2525 629 2593 absurde
642 2524 785 2592 uidemus
796 2575 805 2611 ,
826 2528 919 2611 quasi
940 2547 1006 2595 nou
1029 2549 1141 2596 omnes
1161 2549 1244 2596 mor·

127 2635 216 2701 tales
237 2649 403 2698 essemus.
423 2629 541 2696 deinde
555 2628 639 2696 idem
654 2628 731 2694 Pius
745 2627 972 2716 iuterpretatur
986 2630 1055 2698 ‘nos
1074 2632 1146 2718 ipsi'
1161 2655 1169 2698 ι
1185 2631 1244 2699 sed

127 2737 217 2804 idm
239 2754 304 2801 non
327 2739 376 2801 est
396 2733 466 2820 ι’ριι·
476 2778 484 2797 .
502 2751 579 2816 ergo
594 2729 680 2797 idem
695 2731 773 2798 Pius
794 2732 908 2798 maluit
928 2735 1045 2800 mortes
1066 2734 1166 2801 isdem
1187 2736 1245 2799 Aa

128 2863 192 2928 que
221 2837 278 2902 s'lls'
287 2887 297 2920 ‚
320 2835 470 2920 idemque
501 2833 676 2900 Lambinus
707 2831 811 2900 edidit
824 2855 833 2914 ;
860 2853 940 2918 quos
971 2855 1028 2901 our
1055 2836 1148 2919 sequi
1180 2855 1245 2901 nou

127 2939 273 3009 audeam
289 2937 358 3004 dixi
373 2937 417 3004 ad
436 2957 479 3022 rr,
491 2937 577 3006 933.
600 2953 706 3019 neque
727 2935 780 3000 hio
802 2935 973 3020 quiequam
996 2943 1045 3003 est
1066 2936 1154 3022 quod
1176 2937 1245 3004 iure

127 3039 411 3131 reprehendatur.
434 3039 610 3124 mortales,
630 3037 756 3123 inquit,
781 3057 821 3104 ea
841 3039 966 3105 ratione
988 3059 1059 3106 esse
1081 3039 1246 3122 eognosoi-
1369 3099 1372 3106 .

127 3165 224 3228 mur,
241 3141 328 3228 quod
344 3154 570 3227 aegrotamus,
587 3159 679 3226 oum,
696 3141 936 3228 comparatione
955 3142 1038 3207 inter
1056 3160 1116 3207 nos
1140 3141 1246 3226 faeta,

127 3248 233 3316 iidem
257 3251 354 3330 atque
369 3243 483 3311 eadem
503 3249 620 3310 nabrra
634 3243 734 3310 simus
749 3250 845 3329 atque
867 3243 914 3310 illi
937 3244 990 3329 qui
1013 3244 1129 3309 mortui
1152 3249 1246 3310 sunt.
1378 3329 1381 3336 Ι

127 3352 216 3418 mira
238 3349 380 3416 brevitas
395 3354 446 3415 est
460 3346 493 3412 in
516 3346 566 3414 his
579 3395 587 3432 ,
602 3348 685 3412 sitem
705 3369 763 3412 nos
785 3346 868 3414 Mem
889 3359 984 3434 atque
1005 3347 1060 3412 s'lb'
1068 3371 1080 3431 ,-
1094 3345 1156 3412 hoo
1177 3353 1246 3432 est,

126 3455 293 3540 internos
307 3449 463 3518 simillimi
478 3469 517 3517 ao
538 3469 669 3536 prorsus
684 3448 782 3516 iidem
803 3467 863 3516 nos
885 3455 918 3516 et
938 3449 986 3516 illi
1008 3449 1063 3535 qui
1085 3448 1151 3516 iam
1173 3456 1249 3516 sunt

127 3553 276 3624 mortui.

223 3655 299 3724 359.
322 3675 412 3728 oure
433 3675 553 3722 susus
574 3674 661 3719 soor
683 3675 739 3719 ιιι
762 3675 897 3721 corre.
920 3656 994 3723 Non
1009 3655 1102 3722 aliter
1117 3655 1151 3720 in
1165 3654 1249 3722 libro

130 3785 192 3848 ιιι,
216 3759 269 3825 oui
289 3757 323 3824 hi
344 3777 458 3825 versus
480 3775 650 3844 perperam
671 3756 782 3824 inserti
804 3763 897 3843 sunt,
919 3757 1005 3824 814.
1028 3756 1087 3825 sed
1109 3757 1249 3824 seriben-

130 3866 215 3932 dom
237 3866 288 3928 est
309 3863 387 3948 quio
406 3861 498 3928 medlo
518 3861 583 3927 loci
597 3881 659 3925 run
674 3861 784 3948 septb,
800 3865 836 3926 ut
856 3861 954 3946 paulo
977 3866 1052 3926 ante
1073 3861 1251 3948 Plaqarum

129 3968 215 4056 quio
236 3976 311 4030 suat
325 3965 469 4052 expertia
484 4013 491 4028 .
507 3967 543 4029 ut
556 3963 608 4028 hio
623 3963 687 4030 loci
694 3963 739 4050 fit
753 3965 865 4051 septis,
882 3963 929 4029 ita
949 3961 1037 4028 inira
1052 3963 1113 4028 371
1135 3977 1252 4029 aalma

128 4069 199 4136 loca·
213 4065 350 4154 Defluat,
366 4065 427 4132 hoo
449 4071 498 4132 est
520 4064 597 4132 defit
612 4115 619 4130 .
634 4065 667 4131 in
690 4086 733 4151 vr,
746 4065 810 4132 829
833 4067 1007 4152 Propterea
1028 4065 1115 4152 quod
1134 4090 1251 4152 unoquo

126 4169 219 4237 moli
227 4167 273 4255 fit
293 4169 385 4256 eopia
406 4169 548 4234 ciram.
571 4167 694 4234 Ennius
717 4168 783 4234 Neo
804 4167 994 4254 respirandi
1002 4167 1047 4254 fit
1068 4170 1180 4256 ceptis.

223 4269 297 4338 367.
319 4290 442 4336 rosen
464 4289 661 4336 corneus.
682 4268 838 4336 Marullus
861 4289 1029 4341 coonus.

222 4372 296 4440 375.
319 4394 457 4438 runaur
479 4391 648 4438 nussro.
671 4371 722 4437 Ila
737 4371 894 4456 oblongus
916 4373 1021 4458 prima
1042 4390 1140 4437 menn
1154 4393 1161 4436 :
1176 4389 1253 4456 qua·

127 4477 249 4545 dratos
264 4477 403 4542 immani
413 4488 539 4542 sevasto
557 4523 564 4539 .
585 4481 745 4542 sorreetor
760 4473 892 4560 oblongi
909 4495 974 4560 ιιι,
995 4479 1154 4541 corrector
1176 4491 1253 4557 qua·

127 4577 223 4648 drati
244 4601 304 4644 oe.
