3020 5146
386 446 448 510 174
633 507 636 512 .
932 445 960 509 V

310 633 359 680 mr
385 619 433 678 est
455 613 552 679 etiam
576 635 703 697 quoque
725 615 770 680 uti
793 615 894 700 possit
916 617 1040 682 eaelum
1063 637 1157 683 omne
1179 637 1311 684 manere

383 728 417 792 in
439 729 597 808 statione,
613 737 720 794 tamen
743 749 813 795 eum
836 727 944 794 lucida
966 731 1062 828 sigqa
1083 730 1244 815 serantur;

382 842 449 907 sive
472 843 559 924 quod
580 843 692 908 inclusi
715 842 821 928 rapidi
843 850 916 908 sunt
939 844 1081 912 aetheris
1103 853 1251 930 aestus,-

308 976 358 1023 555
385 961 638 1039 quaerentesque
660 957 746 1022 viam
769 959 884 1023 circum
906 965 1074 1026 versantur
1095 966 1127 1026 et
1148 961 1239 1044 ignes

383 1071 502 1154 passim
525 1091 583 1156 per
606 1073 689 1137 caeli
712 1072 842 1137 volvunt
863 1074 1018 1139 immania
1040 1076 1179 1159 tempta3

383 1185 451 1251 sive
473 1185 603 1252 aliunde
625 1185 725 1251 fluens
748 1187 897 1252 alicunde
920 1189 1117 1255 extrinsecus
1139 1197 1194 1256 adr

383 1305 491 1365 versat
514 1319 616 1381 agens
637 1301 749 1385 ignes;
767 1303 834 1368 sive
855 1303 915 1387 ipsi
939 1323 1069 1386 serpere
1091 1309 1224 1388 possunt

383 1435 445 1497 quo
469 1414 621 1496 cuiusque
645 1415 734 1482 cibus
757 1423 850 1482 vocat
872 1425 968 1498 atque
990 1418 1102 1484 invitat
1123 1420 1267 1503 aventis,

263 1615 265 1620 Ι
309 1549 359 1596 555
383 1529 533 1594 flammea
555 1551 611 1614 per
633 1531 757 1630 eaelum
778 1533 940 1616 pascentis
962 1552 1099 1617 corpora
1121 1534 1261 1618 passim.

383 1665 456 1708 narn
481 1644 556 1726 quid
580 1645 613 1710 in
636 1647 696 1712 hoe
718 1645 837 1711 mundo
860 1647 902 1712 sit
923 1667 1033 1712 eorum
1054 1667 1174 1731 ponere
1198 1655 1324 1712 certum

385 1757 515 1826 difficile
538 1767 605 1826 est:
622 1761 679 1826 sed
702 1760 777 1844 quid
799 1761 900 1846 possit
922 1761 1041 1844 fiatque
1062 1781 1121 1844 per
1143 1782 1236 1827 omne

382 1873 416 1937 in
434 1875 531 1939 variis
553 1874 679 1941 mundis
702 1875 794 1940 varia
815 1876 939 1940 ratione
962 1877 1097 1960 creatis,

382 1987 416 2052 id
438 1987 559 2073 doceo,
576 1989 742 2074 plurisque
765 2009 881 2071 sequor
898 1989 1074 2074 'disponere
1097 2009 1231 2074 causas,
1329 1995 1332 2000 '

308 2122 358 2170 555
385 2104 520 2169 555ιί555
543 2112 701 2170 astrorum
724 2123 806 2186 quae
828 2099 1049 2189 possint'esse
1070 2124 1128 2188 per
1150 2123 1267 2186 omne3

384 2237 402 2282 e
425 2219 537 2300 quibus
560 2238 624 2283 une
645 2225 754 2284 tamen
776 2219 837 2284 siet
858 2219 939 2284 haec
961 2239 1087 2303 quoque
1110 2239 1207 2284 eausa
1230 2224 1410 2300 necessest,

385 2351 466 2415 qnae
488 2341 605 2418 vegeat
627 2339 746 2400 motum
769 2333 887 2418 signis:
904 2335 963 2399 sed
985 2353 1070 2416 quae
1091 2333 1134 2399 sit
1155 2353 1269 2397 esrum

384 2447 570 2530 praecipere
592 2446 670 2512 haut
692 2454 886 2531 quaquamst
907 2447 1112 2532 pedeterntim
1134 2443 1411 2532 progredientis]

423 2563 587 2644 Terraque
609 2563 697 2626 utin
719 2563 828 2627 media
852 2561 958 2627 mundi
980 2562 1113 2645 regione
1136 2561 1310 2644 quiescat,

310 2693 360 2740 555
386 2694 580 2742 evanescere
602 2677 757 2761 paulatim
780 2683 811 2742 et
833 2677 1019 2744 decrescere
1040 2676 1167 2762 pondus

387 2791 554 2868 convenit,
570 2796 666 2873 atque
690 2791 788 2856 aliem
810 2798 958 2856 natrrram
982 2798 1091 2876 supter
1111 2790 1254 2871 habere,

320 2899 322 2902 ’
385 2923 425 2970 ex
447 2904 576 2970 ineunte
599 2927 678 2972 aevo
702 2906 903 2971 coniunctam
925 2913 1022 2988 atque
1044 2907 1147 2972 uniter
1169 2913 1281 2989 aptam

385 3021 530 3104 partibus
552 3021 648 3086 aeriis
670 3020 799 3104 mundi,
816 3022 932 3104 quibus
954 3020 1052 3086 insita
1074 3019 1190 3085 crevit.

386 3142 558 3219 propterea
580 3156 644 3200 non
667 3141 716 3202 est
738 3135 827 3202 oneri
850 3154 954 3218 neque
976 3133 1267 3220 deprimit¹auras;

311 3267 362 3313 oro
388 3255 422 3311 ut
443 3269 503 3314 sua
526 3251 639 3332 cuique
662 3250 781 3315 homini
804 3249 892 3314 nullo
916 3257 988 3314 sunt
1009 3248 1152 3333 pondere
1174 3248 1343 3332 membra,

385 3379 445 3426 555
467 3371 562 3446 caput
583 3371 631 3430 est
653 3364 743 3430 oneri
767 3365 850 3430 coilo
864 3415 871 3440 ‚
887 3383 948 3428 neo
970 3363 1108 3456 denique
1131 3367 1230 3427 totum

386 3479 528 3560 corporis
550 3477 584 3542 in
605 3478 742 3562 pedibus
765 3478 890 3562 pondus
914 3479 1068 3544 sentimus
1090 3479 1214 3542 inesse:

387 3596 420 3653 at
444 3611 527 3672 quae
550 3611 685 3674 eumque
706 3591 785 3657 soris
806 3593 937 3657 veniunt
958 3593 1148 3676 inpostaque
1170 3591 1265 3655 nobis

386 3705 532 3788 pondera
555 3713 628 3770 sunt
651 3706 803 3791 laedunt,
819 3707 976 3790 permulto
999 3725 1098 3790 saepe
1120 3705 1268 3770 minora.

312 3839 361 3884 555
388 3838 488 3901 usque
511 3821 593 3886 adeo
616 3820 725 3903 magni
749 3819 847 3885 refert
870 3821 946 3901 quid
969 3840 1115 3903 quaeque
1138 3825 1234 3885 aveat
1254 3837 1334 3886 ros.

387 3935 433 3998 sic
455 3935 548 4016 igitur
570 3935 664 3999 tellus
687 3954 751 3999 non
774 3938 824 3999 est
845 3933 952 3998 aliene
974 3941 1105 4019 repente

391 4117 591 4124 --—-—-—-—.-

389 4235 527 4284 51815555
548 4232 561 4302 Η
583 4205 632 4284 555
652 4234 795 4284 sunrmsnio
816 4231 829 4302 Η
849 4237 899 4284 554
921 4234 1019 4284 cuntis.
1041 4230 1054 4302 ss
1074 4235 1125 4282 528
1144 4233 1242 4284 creati.
1264 4235 1277 4298 μ’
1300 4237 1351 4284 530
1363 4217 1470 4282 omnen-¹

389 4325 437 4372 oet
463 4323 496 4372 sit
518 4331 543 4372 ct
573 4320 587 4388 ΙΙ
617 4325 666 4370 532
692 4322 777 4384 vigeat
804 4318 817 4387 ΙΙ
842 4323 892 4370 533
918 4321 1052 4385 peristomii
1077 4321 1268 4383 progredientes
1291 4319 1308 4390 Η
1333 4323 1381 4370 535
1402 4325 1455 4376 supet

389 4413 438 4458 eet
460 4410 547 4459 ineunt
568 4407 581 4477 Η
601 4413 651 4458 538
671 4410 749 4457 vivit.
773 4405 787 4476 ΙΙ
808 4413 858 4457 545
879 4409 949 4470 nmgi
970 4409 983 4474 Η
1005 4415 1096 4469 quaeat
