3052 5144
334 392 372 456 18
886 388 901 452 l

326 577 385 620 nec
408 577 465 640 per
488 577 522 621 se
547 577 741 639 quemquam
764 564 890 641 tempus
912 559 1028 624 sentire
1052 557 1265 626 fatendumst

324 679 480 736 seruolum
503 658 553 736 ab
569 691 675 736 rerum
698 679 785 736 motu
807 673 1004 756 placidaque
1028 646 1153 755 quiete.

324 785 463 869 denique
486 787 707 871 Tyndaridem
731 793 855 872 raptam
881 788 1030 870 belloque
1055 789 1208 854 subactas

249 921 299 967 rou
325 901 540 982 Troiiugenas
562 902 667 984 gentis
690 923 762 966 cunr
785 903 894 966 dicum
917 923 1008 988 osse,
1033 903 1236 968 videndumst

326 1035 366 1080 ue
389 1015 470 1080 forte
493 1014 575 1080 haec
597 1035 655 1100 per
678 1037 712 1080 se
736 1026 853 1100 cogant
877 1037 935 1082 nos
960 1037 1032 1083 esse
1056 1017 1170 1100 fateri,

324 1130 453 1210 quando
478 1150 518 1194 ea
541 1132 649 1196 saecla
674 1132 856 1206 bominum,
880 1153 1013 1213 quorum
1038 1132 1120 1197 liaeo
1142 1141 1255 1196 eventa
1280 1131 1435 1211 suerunt,

323 1245 549 1310 inrevocabilis
572 1246 741 1314 abstulerit
763 1248 827 1310 iarn
851 1248 1022 1331 praeterita
1045 1253 1159 1312 aetas:

321 1379 459 1440 namque
483 1359 562 1424 aliut
585 1381 641 1442 per
663 1367 748 1441 sest,
773 1361 853 1424 aliut
876 1361 1061 1441 regionibus
1085 1361 1163 1444 ipsis

247 1495 298 1540 iro
325 1481 473 1540 eventum
497 1473 558 1539 dici
580 1476 697 1558 poterit
719 1475 804 1558 quod
828 1495 963 1562 cumque
988 1477 1048 1540 erit
1070 1487 1196 1542 actum.

323 1589 462 1671 denique
485 1589 636 1654 materies
660 1591 686 1654 ei
711 1611 812 1656 rerum
837 1591 924 1655 nulla
948 1590 1082 1664 luisset,

324 1725 381 1768 nec
403 1705 493 1768 locus
517 1725 555 1769 ao
577 1706 736 1788 spatium,
760 1725 812 1770 res
835 1707 866 1769 in
890 1727 952 1788 quo
976 1725 1121 1788 quaeque
1144 1711 1320 1786 geruntur,

321 1840 495 1900 numquam
518 1820 715 1904 Tyndaridis
737 1819 860 1886 tramae
884 1819 1038 1884 conflatus
1063 1839 1173 1884 amore

321 1935 426 2019 ignis,
449 1935 626 2000 Alexandri
649 1936 789 2018 Phrygio
814 1935 873 1998 sub
895 1943 1025 2017 pectore
1048 1933 1208 2014 gliscens,

244 2070 294 2116 ors
321 2049 410 2114 clara
433 2047 635 2114 accendisset
657 2049 745 2114 saevi
770 2049 945 2114 certamina
964 2048 1062 2116 belli.

320 2183 379 2228 neo
403 2163 486 2227 elam
510 2164 663 2230 durateus
682 2165 843 2228 Troiianis
867 2166 1023 2247 Pergama
1047 2170 1142 2245 partu

319 2277 552 2342 inflammasset
575 2298 675 2360 equos
697 2287 850 2343 nocturno
875 2278 1164 2361 Graiiugenarum

320 2393 504 2477 perspicere
527 2401 562 2456 ut
583 2393 688 2477 possis
710 2413 762 2458 res
784 2400 895 2477 gestas
917 2391 1059 2456 funditus
1083 2391 1185 2456 omnis

318 2507 451 2571 nonita
475 2508 517 2571 uti
541 2529 656 2592 corpus
681 2529 738 2592 per
761 2527 796 2574 se
819 2513 967 2572 constare
991 2527 1094 2588 neque
1119 2525 1212 2580 csse,

242 2641 293 2688 rso
320 2642 378 2686 neo
400 2620 523 2686 ratione
546 2621 653 2688 clarere
675 2622 791 2688 eadem
814 2643 879 2703 qua
902 2627 1025 2686 constet
1047 2621 1162 2703 inane,

320 2736 377 2802 sed
401 2735 504 2819 magis
527 2743 561 2798 ut
583 2739 694 2801 merito
718 2740 823 2821 possis
847 2745 962 2802 eventa
984 2755 1101 2820 vocare

318 2851 479 2936 corporis,
504 2859 600 2934 atque
624 2852 706 2928 loci,
730 2872 781 2916 res
805 2851 924 2931 inquo
948 2869 1096 2933 quaeque
1119 2855 1290 2931 gerantur.

357 2967 500 3051 Corpora
523 2977 596 3032 sunt
618 2987 713 3051 porro
736 2967 852 3050 partim
875 2965 1051 3049 primordia
1074 2984 1198 3046 rerum,

316 3083 432 3166 partim
455 3083 587 3147 concilio
613 3101 697 3163 quae
720 3087 867 3146 constant
889 3081 1136 3164 principiorum.

241 3217 291 3263 aas
317 3195 374 3260 sed
398 3215 482 3277 quae
506 3205 578 3262 suut
601 3216 705 3262 rerum
728 3196 925 3280 primordia,
949 3195 1039 3259 nulla
1061 3202 1166 3278 potest
1187 3193 1234 3258 vis

318 3312 500 3392 stinguere:
525 3331 598 3375 nam
622 3311 726 3377 solido
750 3311 880 3376 vincunt
902 3329 941 3375 ea
964 3329 1097 3393 corpore
1120 3308 1267 3374 demum.

318 3426 377 3490 etsi
400 3424 531 3489 difficile
553 3443 625 3490 esse
649 3425 774 3490 ridetur
797 3424 926 3490 eredere
950 3424 1120 3506 quicquam

314 3542 346 3604 in
369 3542 466 3606 rebus
489 3537 591 3602 solido
614 3539 745 3622 reperiri
768 3559 901 3622 corpore
923 3557 1038 3622 posse.

315 3654 431 3720 transit
454 3655 536 3718 eninr
559 3653 679 3718 fulmen
703 3655 847 3731 melum,
871 3675 929 3738 per
951 3659 1064 3736 saepta
1087 3653 1252 3718 domorum

237 3791 289 3837 seo
316 3770 437 3833 clamor
460 3767 484 3830 it
506 3786 546 3832 ac
567 3787 684 3851 voces,
708 3767 825 3832 ferrum
850 3765 1014 3832 candescit
1035 3767 1067 3830 in
1091 3766 1177 3850 igni,

315 3883 539 3964 dissiliuntque
563 3881 631 3946 lero
655 3882 811 3948 ferventia
837 3901 919 3946 saxa
941 3899 1080 3962 vapore:

312 4007 377 4062 tum
400 3996 615 4062 labefactatus
638 3995 724 4080 rigor
747 3997 818 4061 auri
840 3996 972 4061 solvitur
992 4002 1103 4060 aestu:

312 4271 361 4315 llll
382 4267 474 4314 lrrcrit.
496 4263 509 4333 Η
535 4266 585 4314 499
604 4265 668 4313 aliut
687 4265 759 4314 terris
780 4261 793 4332 ll
814 4265 864 4312 473
886 4263 968 4311 lorma
985 4261 999 4332 Η
1020 4266 1070 4312 480
1091 4264 1158 4311 luere
1179 4261 1192 4330 ΙΙ
1213 4263 1265 4310 484
1284 4279 1334 4324 qua
1356 4262 1369 4332 ll
1392 4270 1452 4317 489

310 4354 400 4402 llnrncu
420 4355 482 4401 circli
504 4351 518 4420 ΙΙ
539 4356 589 4402 499
609 4363 636 4402 ut
654 4353 685 4400 ml
706 4351 720 4418 ΙΙ
740 4356 789 4400 491
812 4351 916 4400 lementi
939 4348 951 4417 ll
972 4353 1022 4398 492
1043 4351 1107 4399 Cum
