3020 5146
533 472 559 538 V
617 437 622 442 ,

24 647 147 731 eligione
168 645 347 712 refrenatus
370 663 411 709 ne
434 643 518 710 forte
540 643 642 709 rearis

24 768 150 827 :erras-et
170 760 268 826 solem
293 763 325 825 et
347 758 492 842 eaelum,
509 776 599 823 mare
622 756 728 822 sidera
750 756 882 839 lunam,

24 896 125 960 mpure
146 875 253 941 divino
276 874 394 940 debere
416 879 546 940 aeterna
568 890 718 955 manere,

24 997 222 1073 proptereaque
244 995 339 1074 putes
360 989 422 1053 rito
445 1008 506 1073 par
528 1007 599 1054 esse
622 986 794 1071 Gigantum

24 1105 134 1186 pendere
155 1125 209 1172 eos
231 1123 358 1190 poenas
379 1105 498 1169 inmani
520 1123 578 1186 pro
602 1101 721 1167 scelere
745 1102 867 1186 omnis,

24 1219 62 1300 poi
80 1220 190 1284 ratione
213 1239 274 1284 soa
298 1219 476 1285 disturbent
497 1217 625 1283 moenia
648 1216 758 1281 mundi

24 1335 252 1424 praeclarumque
276 1335 376 1402 velint
398 1335 482 1401 oaoli
504 1334 703 1416 restinguere
724 1333 845 1418 solem,

24 1447 172 1516 inmortalia
193 1451 320 1518 mortali
343 1469 491 1516 sermone
514 1455 663 1514 notantes
678 1471 698 1542 ;.4

24 1583 83 1644 poue
102 1567 205 1648 prooul
227 1586 334 1649 usque
356 1566 438 1632 etieo
461 1564 570 1631 diuino
594 1585 614 1628 a
637 1563 764 1629 numine
787 1563 926 1647 distent,

24 1677 95 1760 inque
114 1681 202 1744 deum
224 1699 358 1746 nmuero
383 1699 467 1762 quae
490 1680 553 1745 sint
575 1678 708 1760 indigna
731 1677 851 1755 videri,

24 1794 135 1858 notitiam
157 1796 262 1879 potius
287 1797 440 1878 praebere
463 1802 498 1858 ut
520 1813 615 1878 posse
637 1797 789 1878 putentur

25 1908 82 1988 quid
100 1909 136 1974 sit
154 1909 242 1975 vitali
267 1917 356 1976 motu
379 1929 540 1994 serumque
562 1915 738 1974 remotum.

25 2021 112 2107 quippe
131 2025 243 2090 etenim
268 2045 334 2090 nou
357 2031 423 2111 est,
440 2045 511 2090 cum
533 2023 646 2107 quovis
668 2040 800 2106 empore
823 2027 857 2084 ut
878 2036 950 2086 esse

26 2153 94 2216 posse
112 2139 204 2203 animi
227 2147 344 2206 natura
365 2147 493 2226 putetur
516 2137 767 2220 consiliumque3

33 2248 85 2313 siout
99 2252 125 2316 in
147 2253 280 2320 aethere
304 2275 368 2318 non
391 2255 505 2331 arbor,
522 2273 585 2320 non
608 2271 747 2334 aequore
771 2251 856 2316 salso

34 2362 103 2430 nubes
119 2387 187 2433 esse
211 2375 354 2452 queunt,
371 2387 474 2450 neque
496 2368 602 2452 pisces
623 2368 731 2433 vivere
753 2367 785 2430 in
807 2366 913 2450 arvis,

34 2495 72 2540 nro
87 2501 166 2546 emor
186 2483 218 2547 in
241 2483 340 2567 lignis
362 2503 468 2566 neque
490 2482 576 2548 saxis
599 2502 692 2548 sucos
713 2483 840 2548 inesse.

31 2597 118 2659 oortom
138 2617 174 2662 ao
196 2597 422 2682 dispositumst
444 2598 498 2662 ubi
521 2597 662 2679 quioquit
684 2604 809 2664 creseat
831 2603 863 2663 et
885 2596 982 2661 insit:

27 2705 58 2768 sio
74 2709 157 2774 animi
176 2719 296 2777 natura
319 2711 428 2794 nequit
450 2713 518 2777 sine
542 2731 675 2796 corpore
700 2711 775 2778 oriri

26 2821 77 2884 solo
95 2843 188 2908 neque
210 2848 230 2891 a
253 2826 362 2892 nervis
385 2833 417 2891 et
438 2827 597 2909 sanguine
621 2827 759 2909 longiter
783 2844 875 2891 esse.

25 2934 81 3012 tpmd
100 2939 123 3002 si
143 2947 250 3024 posset
274 2939 386 3005 enim?
402 2941 498 3007 multo
521 2941 608 3025 prius
631 2941 701 3024 ipsa
724 2939 822 3004 arrinri
845 2939 893 3004 uis

27 3045 155 3136 incapite
175 3061 230 3120 aut
252 3055 371 3120 umeris
393 3061 448 3120 aot
468 3056 540 3121 imis
563 3054 704 3120 oaloibus
728 3073 805 3140 esse

27 3173 127 3250 posset,
143 3177 171 3233 et
192 3169 318 3234 innasoi
341 3169 453 3252 quovis
475 3169 509 3233 in
531 3174 622 3253 parte
645 3168 763 3234 soleret

25 3277 124 3346 tandem
145 3284 175 3350 in
198 3285 314 3351 eodem
338 3283 464 3348 bomine
487 3285 637 3365 atquem
662 3283 774 3349 eodem
797 3301 875 3347 vase
898 3299 1048 3346 manere.

27 3392 90 3468 11011
109 3401 254 3478 quoniam
277 3403 386 3464 nostro
410 3417 538 3480 qnoque
562 3403 685 3464 constat
707 3417 840 3480 corpore
863 3401 1003 3479 eertum,

28 3499 250 3594 dispositumque
272 3511 399 3578 videtur
421 3511 475 3576 ubi
500 3531 571 3578 esse
594 3519 626 3577 et
647 3531 791 3578 creseere
814 3511 917 3594 possit

28 3633 140 3688 seorsum
161 3627 271 3692 anima
293 3633 388 3709 atque
410 3627 554 3704 animus,
569 3632 659 3691 tanto
683 3625 786 3707 magis
808 3623 1004 3690 infitiandum

29 3733 101 3798 totum
123 3759 212 3823 posse
236 3749 326 3807 extra
349 3763 465 3826 eorpus
488 3742 685 3824 formamque
709 3739 881 3804 animalem

30 3849 143 3924 putribus
164 3856 195 3920 io
218 3855 320 3939 glebis
343 3863 497 3922 terrarum
521 3863 577 3922 aut
598 3857 676 3922 solis
699 3855 823 3936 luigni

31 3968 69 4023 aot
84 3965 112 4030 io
133 3987 216 4051 aque
239 3971 354 4036 durare
378 3975 435 4036 aut
456 3971 531 4036 altis
553 3971 692 4036 aetheris
716 3970 798 4036 oris.

33 4135 198 4160 ..ῃ-*-

35 4258 69 4306 111
85 4263 218 4330 Relligione
243 4267 256 4338 Η
284 4275 332 4320 116
351 4287 451 4322 meare.
477 4269 490 4340 Η
517 4276 564 4322 117
584 4287 642 4336 pors
666 4269 679 4341 Η
707 4273 754 4321 121
779 4272 889 4321 sermoni
915 4269 928 4340 Η
957 4274 1004 4320 122
1029 4272 1122 4320 nimin-

33 4339 118 4398 lbltfll·
136 4353 148 4420 Η
169 4359 215 4428 131
231 4369 324 4408 crescet
337 4371 360 4410 et
372 4361 463 4409 inesit.
484 4358 497 4428 Η
520 4361 568 4408 133
581 4375 662 4422 nequo
675 4361 741 4409 urvis
761 4358 774 4428 Η
794 4360 894 4423 lougius
915 4357 928 4427 Η
951 4361 999 4407 134
1012 4358 1087 4420 Quod
1108 4355 1122 4426 Η

37 4431 70 4478 lli
86 4439 168 4498 glabris
189 4441 202 4512 Η
221 4443 248 4493 iu
268 4448 406 4498 emiorum

883 4551 918 4611 li
