3052 5144
552 445 614 547 ¹u

34 673 72 718 ne
94 673 144 718 res
167 654 210 718 ad
235 655 333 718 nilum
356 655 541 740 redigantur
562 649 704 718 funditus
729 673 860 719 omnes:

35 789 105 832 narn
128 768 218 850 quod
243 789 377 852 eumque
399 771 464 836 suis
487 775 639 834 mutatum
661 767 777 834 finibus
799 769 882 852 exit,

37 883 180 948 continuo
205 883 269 950 boc
290 905 376 950 mors
398 892 447 950 est
468 885 554 950 illius
577 883 662 966 quod
684 884 743 948 luit
765 889 859 947 ante.

37 1000 166 1084 proinde
189 1000 300 1064 colore
323 1009 400 1064 eave
422 1000 590 1082 contingas
612 999 735 1063 semina
755 1017 883 1081 rernm,

40 1135 75 1179 ne
96 1116 149 1179 tibi
174 1133 228 1179 res
252 1113 386 1179 redeant
408 1111 449 1177 ad
471 1110 570 1176 nilum
593 1111 735 1176 funditus
758 1131 887 1178 omnes.

73 1231 244 1294 Praeterea
267 1227 293 1292 si
317 1227 404 1292 nulla
426 1225 544 1292 coloris
566 1227 730 1311 principiis
754 1233 803 1290 est

38 1341 153 1407 reddita
175 1351 293 1407 natura
317 1351 349 1408 et
371 1341 467 1407 variis
490 1347 562 1405 sunt
582 1340 727 1425 praedita
749 1341 880 1417 fonnis,

38 1457 186 1539 equibus
211 1477 309 1522 omne
332 1475 433 1539 genus
455 1457 590 1540 gignunt
611 1458 796 1538 variantque
819 1458 942 1521 colores

16 1580 225 1656 tproplerca,
244 1565 355 1654 niagni
378 1572 463 1655 quod
486 1573 581 1638 refert
603 1571 725 1637 semina
749 1591 894 1654 quaeque

42 1707 103 1752 curn
126 1687 245 1771 quibus
269 1694 300 1752 et
323 1688 410 1769 quali
433 1687 820 1773 positura-contineantur

42 1809 68 1864 et
88 1821 166 1884 qnos
189 1802 278 1866 inter
300 1821 335 1867 se
358 1801 436 1868 dent
456 1809 560 1866 nictus
587 1801 828 1898 accipiantque,

45 1917 184 1996 perfacile
209 1917 373 2002 externplo
396 1917 552 1982 rationem
577 1916 711 1980 reddere
734 1915 860 1998 possis,

45 2049 93 2093 cnr
112 2050 149 2096 ea
172 2049 260 2114 quae
283 2031 375 2114 nigro
398 2029 518 2096 fuerint
539 2031 635 2115 paulo
659 2036 735 2095 aute
759 2029 887 2112 colore,

16 2161 209 2212 rnnmnreo
234 2146 302 2210 lien'
324 2145 449 2230 possint
471 2145 608 2210 candore
631 2151 784 2228 repentc3

45 2265 73 2320 nt
92 2276 196 2336 mare,
221 2281 293 2325 curn
315 2260 426 2341 magni
448 2267 645 2325 commorunt
667 2279 808 2340 aequora
831 2245 937 2333 venti,

46 2373 163 2436 vertitur
183 2376 217 2438 in
242 2393 342 2439 canos
366 2375 513 2440 candenti
537 2355 696 2440 niarmore
718 2373 850 2438 fluctus:

48 2485 141 2552 dicere
163 2490 251 2554 enim
273 2488 400 2573 possis,
416 2490 541 2572 nigrum
565 2489 652 2572 quod
675 2509 771 2574 saepe
791 2487 959 2563 ridemus,

49 2603 185 2668 materies
207 2604 266 2668 ubi
289 2604 446 2686 permixta
468 2609 516 2671 est
537 2604 623 2668 illius
646 2611 677 2673 et
700 2605 778 2668 crdo

19 2736 31 2773 c
51 2716 199 2800 principiis
222 2723 363 2784 mutatus
386 2725 418 2784 et
440 2719 551 2782 addita
574 2718 765 2802 demptaque
788 2716 967 2798 quaedam,

52 2829 185 2896 continuo
209 2833 243 2895 id
268 2832 332 2896 fieri
356 2838 389 2896 ut
410 2831 550 2897 candens
573 2831 719 2898 videatur
742 2837 774 2897 et
797 2831 925 2894 albuin.

52 2941 173 3018 quodsi
196 2945 353 3010 caeruleis
375 2951 556 3010 constarent
578 2965 720 3028 aequora
742 2945 829 3029 ponti

53 3055 234 3142 ceruicibus,
252 3060 341 3124 nullo
363 3067 495 3143 possent
516 3061 680 3124 albescere
701 3065 817 3142 pacto:

54 3184 117 3230 uarn
139 3191 200 3252 quo
224 3193 358 3254 cumque
381 3169 477 3240 inbdo
500 3174 666 3258 perturbes
690 3174 819 3236 caerula
842 3191 925 3253 quae
948 3171 1030 3244 sint,

19 3293 36 3338 u
56 3299 214 3364 numquam
237 3287 270 3350 in
293 3305 503 3352 marmoreum
524 3279 662 3372 'possunt
684 3288 820 3368 migrare
843 3287 1003 3350 celerem.

57 3392 98 3456 sin
118 3397 179 3462 alin
202 3407 300 3482 atque
322 3401 385 3465 alin
409 3409 482 3466 sunt
506 3403 629 3466 semina
652 3401 749 3466 tincta
771 3403 898 3476 cqlcre.

58 3525 130 3586 quae
152 3513 249 3578 maris
272 3513 412 3579 efficiunt
433 3536 527 3579 unum
551 3535 727 3598 purumque
750 3515 903 3596 nitorem,

60 3627 87 3682 ut
106 3645 197 3710 saepe
220 3649 259 3692 ex
282 3628 353 3692 aliis
376 3629 488 3693 ferinis
509 3629 670 3711 variisque
692 3629 800 3712 figuris

61 3735 183 3804 elicitur
202 3741 353 3823 quiddam
378 3742 566 3825 quadratum
591 3763 717 3824 unaque
739 3744 862 3824 ligura,

20 3859 42 3904 'u
63 3853 321 3938 conveniebatur
343 3856 376 3920 in
399 3855 553 3937 quadrato
577 3859 735 3922 cernimus
758 3877 830 3922 esse

63 3957 217 4034 dissimiles
239 3969 379 4046 tonnas,
396 3971 442 4052 ita
465 3989 595 4037 cernere
618 3972 649 4035 in
673 3989 812 4053 aequore
834 3971 923 4054 ponti

65 4083 110 4138 aut
129 4079 190 4146 alin
212 4083 245 4148 in
270 4086 383 4166 quovis
405 4105 468 4150 unc
491 4105 635 4169 puroque
656 4085 759 4150 nitore

68 4233 250 4256 ..ἦ-ὴ-

72 4337 112 4386 759
133 4347 278 4412 omnigenus
304 4345 317 4416 ΙΙ
343 4351 393 4398 llio
419 4351 552 4401 Praeterea
577 4349 590 4418 ΙΙ
616 4353 665 4400 763
689 4351 805 4413 exemplo
836 4348 849 4418 ΙΙ
879 4353 928 4398 765
951 4355 1056 4412 proruunt
1083 4347 1097 4414 ΙΙ
1123 4347 1171 4395 779

73 4421 167 4488 figam,
187 4431 200 4502 Η
221 4437 270 4484 780
289 4436 325 4484 uti
345 4433 359 4504 ΙΙ
382 4439 427 4484 781
450 4453 562 4502 aequora

949 4541 969 4603 5
