2996 5148
530 439 576 504 Vl

31 615 228 698 exprimerent
249 612 329 679 eaeli
352 579 521 680 videantur
541 609 664 695 templa
685 627 843 693 superne.

32 731 85 794 iude
104 736 210 795 tremor
230 735 334 794 terras
356 727 497 810 graviter
519 731 730 812 pertemptat,
747 730 780 790 et
800 725 900 790 altum

32 864 157 909 murmura
180 848 363 930 percurrunt
384 842 529 908 eaelum:
545 861 619 906 nam
642 845 708 906 tota
731 841 798 908 fere
819 847 887 906 turn

30 967 168 1042 tempestas
188 977 345 1024 euneussa
367 957 471 1024 tremit
492 955 697 1038 fremitusque
719 963 904 1022 moventur.

15 1097 74 1154 »ipo
93 1075 127 1138 de
146 1093 298 1140 coneusnu
321 1073 463 1155 sequitur
485 1071 593 1156 gravis
614 1070 713 1136 imber
736 1077 769 1136 et
790 1071 889 1157 uber,

31 1191 104 1254 omnis
124 1189 163 1253 uri
184 1188 331 1254 videatur
353 1188 386 1253 in
409 1187 542 1252 imbrem
565 1187 682 1252 vertier
701 1187 811 1251 aether

30 1317 99 1384 atque
118 1305 156 1368 ita
176 1303 393 1388 praecipitans
415 1301 458 1367 ad
481 1301 633 1368 diluviem
655 1302 818 1368 revocari:

30 1427 106 1484 tanus
124 1417 253 1486 discidio
275 1419 373 1484 nubis
394 1416 543 1500 ventique
565 1417 708 1501 procella

31 1533 147 1618 mittitur,
161 1534 284 1600 ardenti
308 1533 432 1600 sonitus
455 1551 526 1598 eum
549 1531 700 1616 provolat
721 1530 803 1596 ietu.

14 1659 65 1712 test
82 1649 161 1714 etiam
184 1669 252 1715 eum
274 1649 328 1715 vis
350 1648 548 1714 extrinsecus
570 1647 669 1712 inuita
689 1647 774 1710 venti

31 1761 110 1828 inuidit
127 1765 157 1828 in
177 1764 344 1848 gravidam
368 1769 490 1828 rnanuo
514 1761 648 1828 fulmine
670 1761 805 1838 nubem3

33 1899 97 1956 ptam
116 1901 179 1944 eum
202 1877 382 1967 perscidit,
399 1877 560 1962 extemplo
583 1876 669 1942 eadit
690 1877 805 1960 igneus
827 1877 882 1940 ille

34 2005 124 2078 tenet,
139 2015 229 2077 quem
252 1994 360 2078 patrio
382 1992 558 2058 voeitamus
581 1991 708 2086 nomine
729 1990 869 2056 fulmen.

37 2106 71 2171 lu
87 2108 112 2172 lt
130 2109 211 2176 idem
234 2110 268 2173 in
292 2107 394 2192 partis
417 2106 518 2188 alias,
534 2127 598 2188 quo
621 2123 755 2186 eumque
777 2106 849 2170 tulit
871 2106 941 2172 vis.

14 2237 30 2280 e
43 2219 173 2306 ltquoque
194 2231 229 2289 ut
250 2225 337 2288 inter
359 2221 434 2288 dum
457 2221 542 2286 venti
565 2219 613 2284 vis
636 2219 734 2284 missa
756 2220 826 2286 sine
848 2221 916 2302 igni

42 2333 130 2412 leuem
148 2347 258 2406 tamen
282 2339 316 2404 in
339 2338 444 2424 spatio
467 2339 630 2420 longoque
653 2341 780 2416 meatu,

39 2468 78 2514 eun
93 2455 166 2518 veuit
189 2456 341 2520 amittens
363 2453 396 2518 in
418 2473 513 2518 eursu
536 2473 674 2538 corpora
697 2450 856 2534 quaedam

37 2565 146 2653 gunda,
162 2589 247 2654 quae
271 2574 434 2650 nequeunt
455 2569 571 2652 pariter
594 2574 761 2652 penetrare
784 2587 840 2652 per
863 2586 981 2645 auras,

35 2691 97 2760 utque
114 2685 172 2749 alia
194 2705 235 2751 ex
260 2685 335 2770 ipso
357 2688 539 2750 eunradens
561 2689 634 2748 aere
657 2689 761 2766 portat

13 2809 22 2854 t
34 2798 147 2876 parvula,
162 2819 245 2883 quae
271 2797 395 2862 laniunt
417 2797 524 2878 ignem
548 2797 718 2864 commixta
741 2796 901 2879 volando;
1006 2831 1008 2837 ·

34 2929 72 2972 reu
90 2913 144 2980 alia
163 2915 262 2998 longe
287 2913 411 2978 ratione
433 2933 473 2978 ae
495 2913 648 2998 plumbea
670 2930 768 2995 saepe

33 3023 120 3092 t'utids
138 3029 170 3093 lit
190 3031 344 3112 glausiu
367 3049 481 3112 eursu,
497 3048 569 3094 eum
592 3027 692 3092 multa
715 3025 831 3109 rigoris

33 3156 131 3224 turpem
150 3143 313 3210 dimittens
334 3144 441 3228 iguem
465 3143 610 3226 eoneepit
631 3141 664 3205 in
687 3141 794 3206 auris.

33 3251 52 3312 lt
67 3275 175 3342 queque
196 3267 231 3324 ut
253 3259 355 3344 ipsius
377 3258 497 3344 plagae
519 3258 568 3323 vis
591 3261 708 3324 exuitet
731 3257 859 3342 ignem,

14 3393 15 3406 ι
34 3365 115 3450 ligula
134 3394 201 3440 uum
223 3375 312 3442 venti
334 3374 457 3459 pepulit
479 3373 529 3440 vis
552 3373 651 3440 missa
673 3373 742 3438 siue
763 3372 850 3457 igni,

35 3481 52 3542 tl
66 3486 181 3572 nuum,
197 3489 296 3573 qnia,
312 3511 383 3554 eum
407 3489 545 3556 vementi
567 3487 703 3571 perculit
724 3486 809 3570 inlu,

34 3599 155 3668 tunfluere
176 3625 214 3670 ex
237 3607 309 3689 ipso
331 3611 465 3689 possunt
487 3603 646 3670 elementa
667 3603 818 3687 vaporis,

33 3717 52 3771 et
66 3714 144 3782 simul
164 3737 204 3784 ex
225 3719 282 3784 illa
305 3739 389 3802 quae
410 3725 475 3784 tum
498 3737 551 3784 res
574 3717 693 3802 exeipit
713 3717 830 3800 iutum3

33 3829 206 3916 stuperem
228 3833 315 3901 ferro
339 3855 409 3902 eum
432 3833 615 3910 caedimus,
632 3833 738 3898 evolat
757 3833 863 3917 iguis,

13 3923 181 4030 respuor
203 3949 321 4036 stigma
341 3951 392 4017 vs
412 3949 540 4025 terret,
557 3948 618 4014 noe
640 3947 740 4014 sertus
761 3947 806 4012 uu

35 4117 196 4142 —Ru

35 4243 68 4294 ³²⁵⁶
84 4249 220 4317 uppem
246 4254 259 4322 ιι
286 4257 337 4306 aas
354 4263 492 4319 peomne
517 4249 531 4322 ιι
554 4253 605 4302 uso
623 4265 760 4302 sonemus
785 4251 798 4316 ιι
822 4252 920 4300 ne1ue
944 4249 957 4316 ιι
978 4251 1028 4300 ese
1048 4263 1119 4300 revo-

35 4345 90 4384 tne.
107 4335 119 4404 ll
136 4341 183 4392 295
201 4341 235 4392 n·
259 4340 272 4410 ΙΙ
297 4343 348 4392 296
367 4341 452 4392 valida
474 4339 486 4408 ll
505 4339 616 4391 eulmine
635 4337 648 4405 ιΙ
670 4340 720 4390 298
738 4337 821 4404 spatio
841 4335 855 4406 ll
876 4339 926 4388 802
945 4336 1015 4388 num
1034 4334 1047 4403 ΙΙ
1068 4337 1119 4388 808

34 4423 123 4488 conspe
141 4425 154 4496 ιι
172 4430 220 4480 sos
238 4430 300 4495 rpus
320 4427 333 4498 ιι
354 4431 404 4480 ars
425 4429 485 4479 ms.
