3052 5144
362 466 403 531 58
905 459 936 524 11

288 652 337 701 535
364 633 463 697 multa
486 634 559 698 licet
579 651 697 717 genere
719 651 790 697 esse
813 631 846 695 in
870 651 908 696 eo
931 649 1158 713 numerumque
1180 629 1316 715 repleri;

363 748 443 812 siout
466 747 694 831 quadripedum
717 767 787 811 cum
809 745 919 830 primis
943 765 1013 808 esse
1035 745 1180 809 videmus

363 863 395 925 in
418 880 536 944 genere
559 861 768 940 anguimanus
791 859 999 944 elephantos,
1016 859 1108 923 ludia
1130 877 1262 941 quornm

363 977 491 1040 milibus
514 995 532 1039 e
554 975 662 1039 multis
684 974 769 1038 vallo
792 975 930 1038 munitur
952 973 1091 1056 eburno,

363 1097 397 1154 ut
419 1089 546 1174 penitus
570 1094 708 1170 nequeat
729 1089 911 1173 penetrari:
930 1094 1019 1152 tanta
1040 1089 1177 1151 serarum

290 1225 339 1272 540
365 1205 413 1270 vis
435 1211 503 1282 ost;
520 1225 650 1287 quarum
674 1223 732 1268 nos
754 1221 919 1287 perpauca
941 1205 1088 1287 exempla
1110 1203 1276 1268 ridemus.

364 1319 420 1383 scd
444 1325 551 1382 tamen
574 1317 605 1381 id
629 1337 754 1400 quoqne
777 1317 821 1380 uti
845 1317 1039 1402 concedam,
1057 1337 1151 1400 quam
1174 1317 1262 1381 lubet
1283 1321 1351 1380 esto

363 1433 457 1498 unica
480 1452 532 1496 555
555 1433 709 1513 quaedam
733 1431 840 1495 nativo
864 1449 998 1515 corpore
1022 1431 1111 1514 sola,

363 1547 412 1610 eui
435 1546 549 1612 similis
570 1553 637 1611 toto
659 1553 812 1610 terrarum
835 1547 923 1610 nulla
945 1527 988 1611 sil
1009 1545 1099 1610 orbi:

363 1660 486 1725 infinita
509 1667 615 1725 tanuen
638 1660 698 1724 nisi
722 1661 781 1724 erit
803 1660 852 1724 vis
875 1659 1038 1741 materiai,

289 1797 338 1842 555
367 1776 450 1839 unde
473 1795 512 1839 ea
534 1775 682 1858 progigni
705 1777 806 1859 possit
828 1781 1002 1857 concepta,
1020 1773 1124 1837 creari

362 1909 426 1954 non
449 1890 584 1973 poterit,
601 1907 726 1970 neque,
743 1889 827 1970 quod
852 1909 946 1971 super
970 1893 1019 1952 est
1033 1937 1040 1970 ,
1056 1905 1260 1970 procrescere
1283 1886 1405 1968 alique.

364 2003 482 2086 qnippe
505 2003 621 2068 etenim
644 2003 670 2066 si
695 2003 883 2067 manticulcr
904 2002 992 2065 linita
1013 2021 1072 2086 per
1094 2019 1187 2066 omne

364 2137 500 2200 corpora
522 2117 635 2181 iactari
659 2118 750 2182 unius
772 2117 927 2201 genitalia
949 2117 1017 2193 rei,

362 2230 447 2294 unde
470 2233 522 2295 ubi
547 2232 661 2313 quavi
685 2239 715 2295 et
738 2253 799 2313 quo
823 2237 916 2315 pacto
940 2249 1115 2312 congressa
1137 2229 1267 2294 coibunt

288 2367 338 2412 555
365 2345 517 2410 materiae
541 2352 628 2409 tanto
653 2347 685 2409 in
708 2347 825 2430 pelago
848 2345 1004 2426 turbaque
1028 2344 1162 2408 aliena?

365 2481 449 2543 non,
465 2469 499 2523 ut
522 2461 654 2544 opinor,
671 2459 791 2525 habent
813 2462 964 2524 rationem
989 2457 1199 2523 conciliandi:

364 2573 421 2640 sed
444 2575 533 2657 quasi
556 2575 733 2656 naufragiis
756 2574 883 2656 magnis
904 2573 1076 2654 multisque
1099 2571 1216 2636 coortis

365 2689 534 2754 disiectare
558 2691 640 2754 solet
663 2711 811 2770 magnum
834 2707 922 2752 mare
944 2693 1101 2771 transtra,
1117 2687 1282 2768 guberna,

365 2811 553 2888 antemnas,
569 2825 717 2889 proram,
735 2803 858 2882 malos,
875 2811 1048 2883 tonsasque
1071 2801 1227 2884 natantis,

290 2941 339 2988 555
365 2941 423 3005 per
444 2927 597 2985 terrarum
621 2919 724 2983 omnis
746 2937 821 2981 oras
842 2916 998 2981 fluitantia
1021 2915 1164 2999 aplustra

366 3041 400 3099 ut
421 3033 587 3099 videantur
610 3040 641 3098 ct
663 3032 812 3097 indicium
836 3031 1021 3096 mortalibus
1043 3031 1160 3105 edant,

366 3149 453 3212 infidi
476 3149 573 3212 maris
597 3147 731 3212 insidias
752 3147 892 3227 virisque
915 3146 1086 3227 dolumque

367 3269 400 3324 ut
422 3261 522 3326 vitare
545 3261 663 3343 velint,
681 3279 760 3323 neve
782 3259 848 3325 ullo
870 3249 1014 3342 tempore
1038 3257 1190 3341 credant,

367 3373 504 3439 subdola
527 3395 596 3438 cnm
618 3373 699 3437 ridet
721 3372 841 3457 placidi
864 3373 1002 3456 pellacia
1024 3374 1132 3457 ponti,

292 3511 342 3556 500
368 3489 412 3556 sie
434 3489 492 3553 tibi
516 3489 542 3552 si
565 3487 654 3552 finita
677 3488 776 3552 semel
799 3487 975 3570 primordia
997 3489 1157 3568 quaedam

367 3604 558 3678 constitues,
577 3621 687 3665 aevom
712 3601 872 3666 debebunt
894 3621 1008 3684 555555
1030 3621 1087 3684 555
1109 3619 1234 3665 omnem

368 3717 536 3782 disiectare
559 3721 666 3781 aestus
688 3715 805 3780 diversi
827 3715 994 3798 materiai,

368 3851 539 3912 numquam
560 3831 593 3893 in
617 3831 783 3894 oouoilinm
805 3837 839 3894 ut
861 3829 983 3913 possint
1005 3829 1169 3912 compulsa
1190 3827 1277 3892 coire

368 3962 428 4008 neo
451 3943 605 4007 remorari
625 3945 657 4007 in
681 3945 815 4010 concilio
840 3963 897 4009 uec
920 3963 1063 4009 55555555
1085 3943 1242 4023 5555555;

293 4075 344 4123 505
370 4077 502 4139 quorum
525 4064 689 4140 utrumque
713 4059 821 4142 palam
845 4057 912 4124 lieri
934 4057 1105 4122 manifesta
1128 4057 1222 4120 docet
1243 4075 1314 4132 res,

372 4223 572 4232 -q-——m

373 4323 423 4372 555
437 4337 530 4386 genera
549 4323 562 4388 55
584 4325 634 4374 536
648 4323 740 4375 Sicuti
756 4323 769 4389 ll
784 4327 833 4374 541
848 4325 934 4374 inbct.
956 4321 969 4392 ΙΙ
989 4323 1275 4374 monumemtum.
1296 4319 1310 4390 ΙΙ
1330 4322 1376 4370 547
1389 4319 1468 4367 musal

374 4409 440 4458 oculi
462 4409 475 4477 Η
497 4413 547 4460 555
566 4426 690 4462 caverna.
711 4415 722 4478 5
744 4413 796 4462 554
813 4425 914 4476 prorem
933 4409 946 4480 ΙΙ
967 4411 1165 4474 5555155555.
1186 4405 1200 4475 ΙΙ
1221 4411 1272 4459 500
1291 4406 1387 4458 influa
