3020 5146
330 437 390 500 124
858 429 915 492 11ss

366 606 459 667 Nunc
481 621 562 686 age,
580 621 635 665 eur
657 601 740 666 ultra
763 599 927 684 speculum
950 600 1096 666 videatur
1117 601 1224 685 imago

253 739 303 784 aro
328 718 478 802 percipe:
495 736 570 780 nam
594 721 678 780 certe
700 715 827 798 penitus
849 725 973 780 semota
995 715 1119 780 videtur

252 853 302 898 aso
327 832 390 896 illis
414 849 497 912 quae
521 829 657 895 reddunt
678 829 877 911 speculorum
901 849 941 894 ex
965 849 1106 912 aequore
1128 831 1251 895 visum.

210 925 217 936 ’
252 967 299 1012 arr
330 945 414 1027 quod
437 966 540 1029 genus
564 944 641 1016 illa,
660 941 736 1008 foris
760 963 842 1026 quae
865 951 957 1019 sunt,
975 945 1058 1010 bene
1080 945 1354 1028 transpiciuntur,

331 1060 429 1124 ianua
452 1081 522 1124 cum
545 1079 602 1142 per
625 1077 659 1122 se
681 1064 896 1142 transpectum
919 1059 1060 1142 praebet,
1075 1063 1242 1140 apertum,

331 1175 431 1238 multa
454 1173 593 1255 facitque
617 1172 693 1236 l'oris
717 1193 755 1236 ex
779 1173 912 1237 aedibus
936 1179 970 1236 ut
991 1171 1178 1236 videantur:

332 1289 360 1353 is
384 1307 511 1371 quoque
535 1288 617 1352 enim
642 1285 759 1368 duplici
782 1287 973 1370 geminoque
995 1267 1030 1350 fit
1052 1292 1124 1350 a'e're
1147 1285 1257 1350 visus.

254 1423 304 1469 crs
329 1403 449 1485 primus
472 1402 556 1466 enim
579 1402 657 1464 citra
680 1406 788 1483 postes
804 1407 867 1464 tmu
891 1401 1027 1466 cernitur
1049 1407 1122 1483 altr,

329 1515 403 1581 inde
427 1515 514 1580 fores
537 1515 628 1600 ipsae
652 1513 763 1578 dextra
786 1515 943 1598 laevaque
966 1521 1132 1597 secuntur,

328 1638 401 1714 post
423 1629 564 1695 extraria
586 1629 639 1692 lux
662 1629 770 1694 oculos
794 1636 954 1713 perterget
976 1636 1009 1693 et
1030 1637 1085 1694 aer

330 1745 432 1819 alter,
448 1751 478 1808 et
497 1745 573 1817 illa,
591 1743 669 1808 foris
692 1764 774 1824 urnac
798 1750 890 1826 sunt,
907 1743 987 1807 bene
1010 1743 1279 1826 transpiciuntur.

328 1859 448 1924 sicubi
473 1879 508 1923 se
532 1859 666 1942 primum
690 1858 812 1941 speculi
835 1859 967 1942 proiecit
990 1858 1118 1941 unago,

254 1997 303 2041 aso
330 1975 404 2038 dum
427 1975 513 2040 venit
536 1973 577 2038 ad
602 1979 727 2038 nostras
750 1971 855 2054 aeica,
872 1971 1029 2056 protrudit
1052 1972 1181 2053 agitque

329 2097 404 2153 ae'ra
428 2089 480 2170 qui
503 2089 585 2152 inter
607 2106 643 2151 se
666 2092 830 2168 cumquest
854 2087 1026 2168 oculosque
1050 2087 1191 2168 locatus,
1210 2123 1223 2150 ·.

329 2210 361 2268 et
383 2203 459 2267 lacit
480 2209 514 2266 ut
535 2202 622 2285 prius
645 2200 729 2266 hune
752 2221 878 2266 omnem
902 2201 1018 2266 sentire
1042 2219 1197 2282 queamus

329 2337 423 2398 quam
447 2317 607 2400 speculum
622 2339 629 2380 :
647 2317 703 2382 sed
727 2316 779 2379 ubi
802 2317 968 2400 speculum
991 2334 1117 2398 quoque
1140 2315 1301 2380 sensimus
1326 2317 1455 2400 ipsum,

329 2433 476 2496 continuo
501 2451 521 2494 a
543 2431 636 2494 nobis
659 2430 773 2494 iterum
797 2449 880 2512 quae
905 2429 1001 2492 fertur
1023 2429 1130 2513 imago

177 2555 182 2566 '
252 2566 302 2612 aas
328 2545 490 2628 pervenit,
507 2545 686 2610 et'uoslros
710 2545 820 2626 oeulos
842 2545 960 2610 reiecta
982 2543 1111 2618 revisit,

328 2666 425 2740 atquc
448 2659 546 2723 alium
569 2680 647 2743 prae
671 2681 704 2726 sc
728 2660 912 2745 propellens
935 2666 1010 2723 adra
1032 2657 1150 2740 volvit,

331 2781 361 2836 et
384 2775 460 2839 lacit
482 2781 515 2837 nt
538 2773 626 2858 prius
650 2776 732 2840 hunc
756 2795 853 2856 quam
876 2794 911 2839 se
933 2773 1117 2854 videamus,
1135 2791 1239 2854 coque

329 2889 448 2954 distare
472 2891 512 2953 ab
535 2891 664 2974 speculo
688 2897 809 2954 tautum
833 2895 956 2956 seurota
978 2886 1123 2952 videtur.

329 3025 428 3086 quare
451 3006 544 3070 etiam
569 3011 665 3088 atque
690 3005 786 3070 ctiam
810 3005 938 3068 minirue
963 3003 1107 3067 mirarier
1129 3007 1178 3066 cst
1199 3023 1284 3086 par,

254 3141 301 3186 aar
330 3120 457 3226 utribus
480 3121 562 3186 binis
585 3120 733 3202 quoniam
757 3139 808 3186 res
832 3119 927 3185 confit
949 3124 1104 3200 utraque.
1193 3157 1197 3164 .

329 3254 413 3299 nunc
437 3253 476 3298 ea
499 3253 580 3314 quae
603 3235 696 3299 nobis
719 3235 931 3300 membrorum
954 3233 1097 3297 dextera·
1111 3251 1186 3315 pars
1209 3239 1281 3315 cst,

328 3349 359 3412 iu
382 3349 521 3432 speculis
545 3349 578 3411 lit
600 3355 633 3412 ut
655 3349 686 3412 in
710 3349 804 3414 laeva
827 3349 971 3414 videatur
994 3367 1032 3411 eo
1055 3345 1141 3428 quod
1175 3393 1182 3406 .

328 3463 494 3546 planitiem
517 3462 558 3526 ad
582 3463 702 3546 speculi
726 3463 858 3530 veniens
882 3483 952 3528 cum
977 3459 1110 3526 offendit
1130 3459 1260 3543 imago,

254 3598 303 3644 aas
331 3597 394 3640 non
417 3577 608 3640 convertitur
630 3577 819 3660 incolumis,
836 3577 892 3642 sed
916 3583 1003 3642 recta
1027 3579 1194 3640 retrorsum

329 3691 375 3756 sic
399 3690 546 3768 eliditur,
562 3698 596 3754 ut
618 3691 737 3774 siquis,
753 3692 841 3776 prius
864 3691 956 3758 arida
979 3711 1072 3772 quam
1097 3689 1137 3752 sit

328 3813 435 3871 cretea
457 3825 616 3889 persona,
633 3806 758 3871 adlidat
779 3807 906 3892 pilaeve
930 3805 1073 3886 trebius,

329 3927 425 4002 atquc
449 3941 489 3984 ea
512 3921 661 3986 contiuuo
685 3929 804 3988 rectane
828 3922 854 3986 si
878 3919 982 3984 fronte
1005 3917 1141 3999 liguram

253 4057 303 4104 aaa
328 4039 435 4100 servat
457 4041 487 4099 et
509 4034 621 4100 elisam
645 4042 727 4101 retro
751 4055 822 4102 sese
846 4033 1005 4119 exprimat
1027 4031 1117 4117 ipss.
1158 4083 1162 4092 ,

333 4313 384 4360 270
403 4321 500 4359 remota
524 4307 537 4378 ll
565 4313 613 4360 271
634 4325 682 4374 que
700 4329 758 4364 rere
782 4315 795 4380 ΙΙ
822 4315 871 4361 ’277
891 4319 1004 4376 perteget
1031 4308 1044 4380 ll
1075 4311 1125 4360 278
1144 4323 1192 4373 que
1212 4319 1272 4360 rere
1295 4307 1311 4379 {l
1338 4313 1393 4362 283
1413 4311 1459 4360 in·-

331 4399 448 4464 peculum
469 4395 482 4466 ΙΙ
503 4401 553 4447 284
573 4398 599 4446 in
618 4414 675 4448 eum
696 4395 709 4466 ll
730 4401 780 4448 3¹23
800 4399 873 4450 lisam
