3020 5146
539 467 584 532 111

18 641 148 706 omnibus
171 661 242 707 esse
265 641 360 722 igitur
381 645 467 706 totas
488 639 630 704 dicemus
653 638 771 705 inillis

21 755 166 840 particulis
188 755 391 820 animosam
413 775 453 820 ea
474 755 598 821 ratione
620 758 770 836 sequetur

22 891 101 934 onam
121 870 312 936 animantem
336 870 462 936 animas
484 869 635 934 habuisse
656 869 689 932 in
711 887 844 952 corpore
867 870 1004 936 multas.

23 1005 83 1064 ergo
104 985 231 1050 divisast
252 1004 294 1050 ea
317 1004 400 1067 quae
422 983 483 1049 fuit
505 1003 569 1048 una
591 983 686 1048 simul
709 1003 779 1048 cum

24 1097 384 1184 eorpore;qua⁸propter
406 1099 540 1164 mortale
562 1104 730 1180 utrumque
752 1099 979 1184 putandumst,

23 1213 48 1274 ir
67 1214 169 1280 multas
191 1214 345 1296 quoniam
368 1213 468 1298 partis
491 1213 656 1278 disciditur
678 1233 800 1295 aeque.

59 1331 212 1394 Praeterea
235 1329 262 1393 si
286 1329 463 1394 inmortalis
486 1335 603 1394 natura
625 1327 744 1392 animai

23 1449 125 1508 eonsnt
146 1449 176 1507 et
195 1443 228 1508 in
252 1463 370 1528 eorpus
391 1442 596 1508 nascentibus
617 1443 816 1528 insinuatur,

22 1577 66 1620 rnr
84 1577 170 1642 snper
190 1565 266 1624 ante
288 1563 391 1624 aotam
414 1563 551 1624 aetatem
576 1557 756 1624 meminisse
783 1560 969 1644 nequimus,

24 1693 69 1736 nen
87 1674 216 1759 vestigia
238 1677 402 1757 gestarum
425 1691 529 1737 rerum
552 1672 620 1736 uila
642 1676 818 1738 tenemus?

22 1805 79 1850 nam
101 1788 124 1852 si
145 1795 230 1855 tanto
255 1794 385 1873 operest
407 1786 505 1852 animi
528 1791 650 1852 mutata
673 1792 834 1870 potestas,

25 1901 106 1967 nuruis
126 1911 158 1969 nt
178 1910 324 1970 antarum
347 1900 501 1967 exoiderit
522 1899 691 1966 retinentia
713 1921 838 1981 rerum,

25 2035 90 2092 non,
103 2025 133 2083 ut
153 2019 288 2104 opinor,
305 2017 338 2082 id
361 2038 382 2082 a
404 2017 467 2082 loto
490 2018 554 2082 iam
578 2017 715 2101 longiter
738 2025 845 2103 errat3

29 2152 76 2212 uun
92 2141 213 2220 propter
235 2133 362 2200 fateare
384 2139 546 2198 necessest
568 2153 651 2215 quae
674 2131 733 2198 fuit
754 2139 828 2200 ante
909 2197 920 2218 ‚

32 2245 154 2314 interiisse
167 2302 175 2324 ‚
190 2255 223 2314 et
246 2268 331 2332 qnae
354 2267 438 2314 nuno
460 2253 509 2312 est
530 2267 615 2312 nuno
636 2267 709 2314 esse
731 2253 891 2314 ornatam.

65 2361 211 2430 Praeterea
233 2363 264 2430 si
287 2364 350 2428 iam
373 2361 517 2447 perfeeto
540 2382 675 2446 corpore
697 2363 790 2428 nobis

12 2475 113 2541 »inferri
132 2479 260 2546 solitast
283 2477 381 2542 animi
403 2477 510 2542 vivata
532 2483 675 2561 potestas

28 2595 76 2654 turn
93 2613 155 2658 oum
177 2593 342 2679 gignimur
364 2599 395 2656 et
416 2592 503 2656 vitae
526 2612 597 2657 oum
620 2591 716 2658 limen
739 2593 876 2680 inimus,

28 2703 93 2772 hand
108 2709 149 2772 ita
169 2707 382 2775 conveniebat
404 2705 449 2770 uti
472 2725 542 2772 oum
567 2727 700 2792 corpore
724 2715 755 2772 et
776 2729 843 2776 una

27 2837 80 2884 oum
100 2824 242 2890 membris
266 2821 413 2888 videatur
435 2821 467 2886 in
489 2821 559 2905 ipso
583 2822 742 2904 sanguine
765 2843 892 2907 messe,

27 2935 68 2998 sed
88 2939 131 3002 rel
152 2939 241 3003 utin
267 2955 369 3003 eavea
392 2955 450 3022 per
471 2956 508 3002 se
529 2937 591 3004 sibi
613 2937 723 3003 vivere
747 2937 849 3002 solam

28 3053 168 3138 convenit,
185 3059 220 3118 ut
242 3071 342 3118 sensu
364 3071 479 3136 oorpus
501 3057 608 3118 tamen
631 3057 742 3118 arceat
763 3071 878 3120 omne.

29 3165 94 3246 quod
113 3169 175 3234 fleri
196 3175 300 3234 totum
323 3173 433 3232 eontra
456 3166 626 3234 manifesta
648 3167 742 3234 docet
763 3185 836 3234 res:

27 3297 140 3364 namque
160 3285 206 3350 ita
229 3302 355 3349 conexa
379 3287 428 3348 est
449 3303 506 3368 per
528 3301 627 3348 venas
650 3283 776 3349 viscera
798 3301 915 3349 nervos

28 3414 158 3482 osanne,
173 3399 217 3463 uti
242 3396 357 3462 dentes
379 3417 507 3480 quoque
529 3415 626 3464 sensu
647 3398 897 3483 participentur3

28 3527 129 3578 uorsus
150 3519 183 3578 ut
203 3511 347 3596 indioat,
363 3519 395 3578 et
416 3511 536 3597 gelidai
558 3514 699 3596 stringor
721 3513 836 3595 aquini,

30 3625 141 3710 alapis
162 3647 335 3713 expressus
357 3627 488 3694 subiens
510 3647 529 3693 e
550 3627 695 3710 frugibus
718 3647 832 3712 asper.

31 3755 109 3816 unare
128 3748 222 3814 etiam
246 3752 344 3828 atque
365 3743 463 3810 etiarn
486 3761 591 3825 neque
615 3743 747 3828 originis
769 3762 841 3812 esse
863 3743 1069 3829 putandumst

32 3863 146 3940 expertis
167 3863 294 3928 animas
316 3879 375 3926 neo
397 3858 450 3924 leti
474 3857 548 3942 iege
570 3858 713 3924 solutas:

32 3987 88 4036 nam
107 3995 205 4060 nequo
228 3982 318 4042 tanto
341 3993 439 4061 opere
461 3972 587 4040 adnecti
610 3973 751 4056 potuisse
774 3973 982 4058 putandumst

33 4090 189 4168 corporibus
210 4091 330 4158 nostris
352 4089 547 4158 extrinsecus
569 4087 771 4171 insinuatas,

36 4260 74 4305 ono
90 4263 178 4314 animan
196 4265 252 4317 bia.
279 4262 292 4334 ΙΙ
319 4269 369 4316 674
388 4279 465 4330 opere
484 4263 587 4314 animist
611 4260 625 4332 ΙΙ
650 4265 699 4312 676
719 4262 751 4312 ab
776 4257 790 4330 Η
815 4262 917 4326 longius
943 4259 956 4329 ΙΙ
986 4263 1036 4310 680
1055 4261 1131 4312 solita

36 4345 118 4398 anima
141 4347 154 4418 ΙΙ
178 4355 229 4404 666
248 4353 327 4404 afluat
350 4348 363 4420 ΙΙ
390 4353 439 4402 691
458 4351 557 4401 viscera
574 4365 618 4415 per
636 4363 712 4402 senaa
737 4353 750 4421 Η
778 4353 828 4406 696
848 4349 952 4402 Morbus
976 4345 989 4416 ΙΙ
1014 4363 1095 4410 aque.
1116 4343 1129 4416 11

36 4432 75 4480 ⁶94
91 4449 213 4506 oppressus
230 4441 320 4492 subitis
