3052 5144
601 465 629 528 ΙΙ

21 659 48 704 so
109 637 139 700 Si
161 655 286 700 cessare
307 643 399 719 putas
422 655 523 699 reruni
547 633 722 718 primordie
744 655 839 718 posse

70 751 281 833 cessandoque
302 769 403 816 novos
425 771 529 815 rerum
551 751 744 834 progignere
765 757 889 828 motus,

71 866 152 930 avius
174 885 194 930 a
215 885 292 931 vera
314 867 410 946 longe
432 867 557 930 ratione
580 865 728 947 vagaris.

71 1001 134 1044 narn
158 981 304 1060 quoniam
326 999 384 1065 per
404 979 498 1045 inane
521 985 698 1061 vagantur,
723 986 836 1044 cuncta
859 985 1021 1044 necessest

71 1103 118 1158 aut
138 1095 291 1178 gravitate
313 1115 371 1158 sna
392 1093 468 1160 ferri
490 1093 665 1178 primordia
686 1113 810 1178 rerum,

24 1232 50 1276 au
71 1215 120 1273 aut
138 1209 200 1275 ictu
223 1209 304 1274 forte
327 1209 476 1274 alterius.
493 1227 567 1272 nam
591 1229 661 1273 cunr
686 1209 749 1272 cita
771 1229 869 1294 saepe

72 1325 156 1388 obuia
177 1323 366 1398 conflixere,
383 1323 418 1386 dt
439 1329 474 1386 ut
495 1322 622 1388 diversa
644 1333 774 1410 repente

73 1438 237 1504 dissiliant:
253 1457 358 1519 neque
382 1439 466 1502 enirn
489 1440 601 1503 mirum
615 1491 622 1516 ‚
638 1441 810 1506 durissima
833 1458 915 1521 quae
938 1436 1001 1502 sint

71 1552 251 1633 ponderibus
274 1551 388 1618 solidis
410 1573 514 1634 neque
538 1556 707 1637 quicquain
732 1575 751 1619 a
773 1562 864 1637 tergo
885 1553 957 1618 ibus
980 1552 1103 1616 obstet.

74 1673 101 1728 et
120 1687 178 1748 quo
200 1667 313 1731 iactari
337 1668 440 1750 magis
463 1669 570 1732 omnia
592 1655 737 1733 materiai

27 1799 53 1843 oo
74 1799 195 1864 corpora
216 1781 408 1866 pervideas,
426 1783 629 1848 reminiscere
651 1785 747 1848 totius
769 1785 865 1847 imum

72 1895 111 1958 nil
131 1915 197 1960 esse
217 1897 252 1960 in
276 1915 421 1974 summa,
446 1917 548 1980 neque
571 1899 689 1964 habore
712 1899 766 1962 ubi
789 1917 925 1981 corpora
947 1895 1051 1980 prima

73 2011 254 2088 consistant;
271 2012 421 2092 quoniam
445 2013 581 2096 spatium
604 2013 672 2077 sine
694 2013 758 2078 fine
780 2014 989 2094 modoquest,

73 2125 300 2208 inmensumque
324 2131 432 2209 patere
456 2127 488 2190 in
512 2133 643 2192 cunetas
665 2127 806 2209 undique
829 2125 929 2210 partis

77 2237 201 2320 pluribus
223 2241 351 2305 ostendi
374 2247 514 2305 etcerta
534 2241 659 2322 rotiqne
681 2242 900 2325 probatumst.

31 2371 55 2416 oo
75 2353 147 2434 quod
168 2355 319 2436 quoniam
343 2363 486 2432 constat,
503 2357 535 2419 ni
558 2357 691 2434 mirum,
708 2356 797 2420 nulla
820 2356 909 2437 quies
932 2361 981 2420 est

73 2465 183 2534 reddita
205 2469 393 2552 corporibus
415 2469 525 2552 primis
547 2489 604 2553 per
626 2471 723 2534 inane
745 2469 958 2553 profundum,

74 2581 123 2645 sed
143 2584 243 2666 magis
268 2582 405 2648 adsiduo
427 2584 581 2667 varioque
604 2585 743 2650 exercita
765 2591 851 2648 motu

72 2695 175 2778 partim
197 2695 377 2764 intervallis
401 2699 526 2781 magnis
548 2698 690 2764 confulta
713 2699 887 2777 resultant,

73 2831 136 2892 pars
157 2811 250 2877 eliam
276 2812 427 2878 brevibus
449 2813 560 2896 spatiis
581 2819 739 2878 vexantur
761 2814 801 2877 ab
824 2815 908 2878 ictu.

17 2943 52 2986 roo
75 2931 201 3008 atquae
222 2945 361 3008 cumque
383 2928 484 3009 magis
507 2929 668 2994 condenso
691 2928 860 2993 conciliatu

73 3041 188 3122 exiguis
208 3042 388 3108 intervallis
411 3043 563 3108 convecta
585 3042 758 3126 resultant,

73 3153 250 3241 indupedita
275 3157 341 3222 suis
364 3158 524 3241 perplexis
546 3158 618 3242 ipsa
640 3159 772 3240 liguris,

73 3267 142 3335 haec
163 3271 291 3338 validas
314 3272 383 3336 saxi
406 3271 531 3338 radices
555 3279 587 3338 et
609 3271 679 3339 fera
701 3273 777 3336 ferri

73 3403 195 3468 corpora
217 3387 430 3466 constituunt,
447 3393 478 3450 et
500 3393 609 3451 cetera
631 3385 672 3452 de
694 3405 813 3469 genere
836 3386 946 3450 borum

18 3515 52 3557 oo
74 3500 201 3580 paucula
223 3517 310 3582 quae
332 3519 426 3584 porro
449 3521 599 3584 magnum
622 3521 679 3584 per
702 3501 796 3564 inane
818 3507 995 3582 vagantur.

74 3619 169 3678 cetera
190 3614 354 3680 dissiliunt
375 3615 491 3696 longe,
507 3615 668 3698 longeque
688 3621 855 3680 recursant

73 3725 101 3790 in
122 3729 242 3812 magnis
264 3728 463 3794 intervallis:
478 3729 559 3794 haec
579 3737 654 3794 eitra
673 3749 779 3792 rarum

75 3839 224 3908 sufficiunt
245 3843 340 3908 nobis
362 3850 394 3906 ct
414 3842 586 3926 splendida
608 3843 729 3906 lumina
751 3843 849 3920 solis,

75 3953 226 4038 multaque
247 3963 415 4041 praetcrea
438 3977 587 4039 magnum
610 3975 668 4040 per
689 3957 786 4022 inane
805 3962 983 4040 vagantur,

19 4081 56 4125 uc
77 4069 209 4135 conciliis
231 4090 335 4136 rernm
360 4091 442 4153 quae
465 4077 537 4136 sunt
558 4051 678 4138 reiecta
700 4089 760 4136 neo
781 4089 916 4152 usquam

91 4231 265 4244 ···——-—-.-

81 4335 108 4382 ttl
125 4339 180 4386 terri
205 4337 218 4406 ΙΙ
243 4341 275 4388 89
295 4353 353 4386 cum
371 4337 511 4388 omissum.
538 4335 551 4405 ΙΙ
577 4339 609 4386 86
629 4336 772 4387 conflexere
793 4336 805 4404 Η
825 4337 861 4386 uti
889 4335 902 4404 ΙΙ
929 4339 962 4386 88
981 4337 1092 4401 tergibus
1117 4333 1130 4402 Η
1157 4338 1189 4383 94

81 4425 178 4474 ostendit
196 4435 221 4476 et
240 4423 254 4494 ΙΙ
274 4427 307 4475 95
326 4426 405 4476 multa
424 4423 438 4492 Η
459 4428 492 4474 99
511 4425 609 4476 brevius
629 4422 643 4492 ΙΙ
665 4427 714 4474 104
734 4425 923 4475 decuriarum.
943 4421 956 4490 Η
979 4427 1027 4474 195
1047 4422 1161 4472 Peucrria
