3052 5150
292 371 352 436 166
820 363 871 430 111

290 539 457 624 glossariis
474 539 571 620 Maii,
595 543 680 602 tomo
701 539 791 601 sexto
814 539 979 600 ariolorum
1004 534 1211 600 classicorum
1234 557 1267 621 p.
1282 537 1345 604 506
1366 545 1397 602 et

290 650 375 709 tomo
393 663 437 706 vn
460 662 493 727 p.
509 642 594 722 551,
617 639 672 706 ubi
696 645 745 704 est
766 661 840 702 uma
861 637 931 704 sive
953 661 1077 720 ummo,
1101 641 1171 704 uvr'o
1192 653 1366 706 nocturno.

375 746 448 812 391.
492 744 623 813 Usouu
662 761 761 806 suno
801 761 913 804 rurus
949 761 1014 804 usu
1053 762 1090 804 rs
1128 761 1237 806 sonus
1276 763 1398 806 nunus

291 868 450 930 crunno,
475 844 583 924 Qnsn
598 863 804 908 rnrnonnrs
820 863 1049 907 sunrrscnnr
1065 864 1256 908 concussu
1271 865 1398 929 surus,

291 929 432 1016 Sdnrus
461 967 697 1012 conronrsus
724 964 880 1010 nosrrus
908 967 1063 1010 rnurxrs
1089 969 1158 1010 run
1185 948 1400 1014 surus.Vo

291 1073 360 1118 rum
394 1051 539 1117 ordinem
566 1067 716 1114 versuum
747 1047 903 1114 Marullus
929 1049 1088 1116 restituit:
1111 1071 1284 1115 crunnum
1317 1059 1400 1118 reete

292 1153 382 1221 dedit
412 1153 596 1219 Aventius.
621 1149 678 1216 sed
713 1150 747 1214 in
772 1150 948 1237 proximis,
980 1169 1065 1234 quae
1097 1151 1171 1218 libri
1203 1153 1254 1220 ita
1282 1154 1402 1239 scripta

291 1257 430 1340 habeut,

376 1357 450 1424 394.
473 1357 524 1422 Ει
547 1377 709 1428 ounnrrs
730 1341 976 1420 rnrunvsiurs
992 1379 1222 1422 unumunurn
1247 1379 1401 1424 rossrsr

292 1462 569 1544 concussius,
596 1460 709 1525 borum
743 1465 878 1544 uterque
906 1459 1008 1525 edidit
1034 1462 1077 1526 Et
1103 1485 1199 1548 qaam
1225 1463 1403 1528 smaltis

293 1566 392 1630 tornis
403 1613 412 1646 ,
436 1582 496 1628 neo
517 1563 601 1626 male
624 1559 846 1627 Wakefieldus
860 1562 904 1626 Et
925 1565 1023 1628 tontis
1044 1565 1243 1630 ubtervulls‘s.
1260 1563 1321 1631 sed
1343 1563 1402 1630 ior·
1517 1566 1518 1598 r

293 1673 380 1733 lasse
396 1667 504 1732 verius
528 1664 625 1730 luerit
640 1664 682 1728 Et
697 1684 798 1735 onan
820 1685 856 1726 rs
879 1684 938 1729 urs
961 1666 1156 1732 amoenae.
1171 1666 1217 1732 iu
1241 1668 1277 1732 iu
1291 1689 1326 1752 u,
1345 1668 1402 1734 106

292 1769 456 1835 dnbeilrbnt
490 1769 580 1855 leupo
613 1767 763 1853 longeque
789 1781 955 1832 recursant
980 1767 1022 1832 Io
1047 1769 1174 1856 mupus‘s
1201 1770 1401 1836 s'rrtcrvalls's.

291 1871 502 1954 Forbigerum
525 1869 629 1946 enim,
656 1869 711 1952 qui
738 1868 855 1952 probat
876 1870 919 1934 Et
941 1872 1088 1954 quantis,
1116 1889 1262 1938 seorsum
1287 1872 1330 1938 ab
1351 1872 1403 1936 hu·
1458 1923 1462 1932 .

292 1993 389 2039 mauu
416 1974 542 2039 ratione
568 1971 686 2038 sentire
713 1971 871 2036 sinimus.
894 1971 981 2054 quod
1015 1977 1121 2036 summ
1155 1979 1256 2058 podta
1281 1975 1403 2041 semina
1518 1973 1519 1984 ’

293 2078 421 2142 animae
437 2076 610 2142 tudrtantr'u
625 2073 734 2139 eollidi
756 2091 795 2138 ao
810 2072 952 2139 dissilire
967 2073 1064 2158 dioit,
1081 2075 1242 2140 vocabulo
1256 2077 1402 2142 Enniano

292 2179 407 2264 utitur,
431 2199 495 2262 quo
512 2175 769 2260 festinationem,
793 2175 856 2242 uisi
879 2174 994 2261 sallor,
1018 2183 1051 2242 et
1072 2177 1278 2244 crebritatem
1294 2179 1402 2262 plaga·
1519 2234 1520 2262 ,

291 2303 362 2348 rum
379 2279 560 2366 significat.
584 2279 625 2346 de
641 2279 702 2345 hoo
724 2297 809 2364 quae
824 2273 938 2344 Festus
961 2278 1192 2366 susceptet
1214 2281 1298 2348 satis
1321 2287 1403 2346 reete
1519 2267 1520 2288 ¹

292 2405 313 2450 a
340 2383 478 2450 Martino
500 2381 630 2448 Hertnio
656 2381 690 2446 iu
713 2381 795 2446 libro
823 2401 918 2466 quem
949 2381 990 2448 de
1013 2381 1133 2448 Cluuiis
1160 2383 1295 2467 scripsit
1316 2404 1347 2469 p.
1361 2383 1403 2450 bo
1519 2411 1520 2424 ι

292 2487 464 2554 constituta
479 2492 553 2552 sunt
574 2487 607 2550 in
629 2484 714 2549 buno
736 2482 886 2548 modum.
905 2483 1089 2550 Tudsicntes
1111 2485 1278 2552 madentes
1302 2487 1401 2574 [nepo

293 2591 390 2672 tium,
414 2589 452 2654 id
465 2602 510 2654 est
525 2613 566 2674 ap
576 2587 676 2674 lentos
683 2635 692 2668 ,
715 2586 898 2672 asyntflnure
919 2589 966 2651 os't
981 2587 1111 2654 Οὐισίιιι
1127 2587 1179 2668 [do
1193 2589 1301 2656 verbis
1319 2589 1400 2676 ρώ-

291 2693 357 2757 osb.
373 2690 514 2779 En]ns'us
530 2691 550 2754 l.
567 2712 590 2752 11
606 2690 695 2754 Haeo
710 2689 792 2754 inter
807 2712 840 2752 se
856 2702 951 2754 totum
963 2737 1148 2755 .........
1165 2689 1341 2758 tudituutes
1353 2739 1361 2756 .
1375 2703 1401 2756 et

291 2795 460 2860 Lucretius
486 2795 559 2860 olem
586 2793 666 2858 libro
689 2811 713 2854 11
734 2789 849 2875 (1142)
871 2789 938 2857 Neo
963 2789 1166 2880 [tuditantia]
1191 2805 1400 2860 remcassent

294 2897 487 2962 extrinsecus
508 2896 617 2960 ullum.

375 2999 448 3064 396.
473 2998 523 3063 ur
549 3017 662 3062 naurs
688 3017 754 3058 usu
784 2997 1018 3064 snrnus.Hlo
1045 3015 1158 3064 versus
1186 3005 1219 3064 et
1246 3001 1303 3083 qui
1331 3019 1400 3064 eum

291 3108 440 3168 semntur
455 3101 570 3184 viginti
593 3119 634 3166 ex
654 3098 815 3184 prioribus
838 3098 1004 3164 nonsatis
1027 3101 1095 3183 apti
1118 3107 1205 3166 sunt:
1221 3101 1283 3167 sed
1306 3099 1399 3166 iidem

292 3205 320 3270 si
351 3204 460 3270 versui
487 3205 550 3270 349
578 3202 728 3269 continuo
759 3201 974 3284 subicientur,
1003 3203 1112 3266 omnia
1141 3202 1399 3270 commodissime

292 3307 568 3392 procedantque
589 3309 719 3389 propter
743 3304 788 3370 ita
810 3303 935 3386 sentio,
959 3308 1088 3388 pettam
1111 3323 1151 3370 ea
1173 3323 1258 3389 quae
1284 3304 1335 3370 bis
1356 3305 1398 3368 in-

290 3409 426 3474 teriecta
449 3415 542 3492 suut,
567 3407 682 3492 quibus
706 3405 842 3472 aliorum
865 3405 1131 3491 pbilosophorum
1153 3409 1334 3474 sententias
1355 3425 1398 3472 re

291 3507 395 3594 futat,
419 3510 587 3595 scripsisse
602 3509 755 3593 quidem,
778 3508 836 3574 sed
852 3527 957 3593 neque
972 3507 1086 3574 eodem
1109 3515 1275 3595 tempore,
1298 3527 1398 3594 neque

291 3629 330 3677 eo
358 3613 493 3678 oonsilio
522 3619 557 3676 nt
583 3611 644 3677 hoo
670 3613 741 3678 loeo
772 3617 1023 3697 reponerentur.
1039 3611 1133 3678 huius
1160 3611 1249 3678 modi
1264 3609 1395 3697 aliquid

293 3713 441 3778 evenisse
455 3713 596 3780 vidimus
611 3715 645 3780 in
661 3713 742 3780 libro
754 3735 793 3799 n,
808 3713 869 3780 165
884 3719 916 3780 et
930 3713 1014 3797 522,
1030 3713 1106 3780 item
1121 3715 1222 3798 1013,
1239 3717 1396 3799 multoque

291 3815 385 3900 plura
399 3834 440 3880 ex
460 3815 572 3882 eodem
596 3836 715 3900 genere
738 3818 772 3882 in
789 3821 902 3902 quarto
925 3824 958 3882 et
979 3815 1090 3900 quinto
1106 3816 1310 3902 notabimus,
1326 3819 1394 3883 item

291 3916 401 4001 aliqua
422 3917 457 3982 in
479 3925 590 3984 sexto.

376 4019 449 4087 399.
472 4042 632 4085 uxrousu
654 4043 821 4086 unsrun.
838 4021 1004 4088 Correotor
1027 4021 1159 4105 oblongi
1182 4043 1374 4088 uxrousu.

376 4123 450 4190 400.
473 4145 606 4188 rscrnu
622 4145 843 4190 nu1scun1u.
861 4123 1046 4202 Quadratus
1061 4123 1268 4194 edsbcsders't:
1282 4121 1393 4190 Marul-

290 4225 341 4290 lus
362 4243 407 4288 nu
430 4223 582 4290 debcedit.
599 4215 819 4292 Wakefieldus
847 4227 953 4311 inepte
976 4225 1091 4294 ludens
1109 4228 1205 4311 facul
1230 4241 1279 4310 εις
1304 4243 1391 4310 quem

291 4327 397 4392 lusum
413 4325 498 4393 serre
513 4347 661 4413 possem,
686 4329 713 4394 si
730 4328 900 4394 occasione
916 4327 1026 4394 oblata
1039 4347 1166 4394 versum
1183 4328 1307 4400 Afranii
1329 4345 1390 4392 oor·

292 4430 452 4512 rexisset,
475 4431 529 4514 qui
553 4437 641 4495 extat
662 4430 749 4516 apud
765 4431 905 4496 Nouium
927 4451 958 4516 p.
977 4431 1173 4516 111,22.ei
1195 4427 1387 4498 adiciendum

294 4539 342 4597 est
357 4557 421 4598 unu
436 4533 657 4620 postferm'na,
675 4532 735 4598 hoe
750 4532 866 4618 modo,
883 4533 975 4599 Haut
979 4533 1083 4620 fdcul
1090 4583 1100 4618 ,
1116 4547 1150 4600 ut
1165 4537 1211 4600 at't
1222 4532 1386 4610 Parenos,
