3052 5144
593 443 608 508 l

43 613 201 700 principiis
224 635 327 679 rerurn
350 614 488 700 spatium
512 621 700 699 tempusque
722 611 813 696 fugai

44 729 166 815 largiri,
190 737 225 794 ut
246 729 373 814 possint
393 751 415 794 a
437 735 530 796 eoetu
553 729 655 795 libera
680 729 776 794 ferri.

45 864 139 927 quare
162 845 260 910 etiem
283 852 380 927 atque
404 845 501 910 etiarn
524 845 660 910 suboriri
683 845 785 910 nrults
806 849 989 920 necessest,

2 984 30 1028 so
45 967 73 1024 et
92 965 196 1024 tamen
219 965 254 1023 ut
276 959 394 1044 plagae
417 979 544 1042 qnoque
566 960 691 1044 possint
712 965 882 1044 suppetere
904 959 1013 1044 ipsae,

44 1073 159 1138 infinita
184 1094 267 1159 opus
291 1080 338 1138 est
359 1074 407 1138 ris
431 1073 571 1156 undique
592 1067 760 1138 mateiiai.

83 1187 165 1252 Illud
186 1189 219 1252 in
243 1187 293 1252 his
315 1189 410 1253 rebus
432 1188 528 1270 longe
551 1187 628 1272 fuge
652 1188 802 1264 eredere,
827 1189 973 1264 Memmi,

44 1305 73 1368 in
94 1303 231 1368 medium
255 1321 398 1368 summae
422 1302 507 1383 quod
531 1301 641 1367 dieunt
663 1303 769 1367 ornnia
793 1302 868 1386 niti,

45 1426 135 1500 atque
156 1417 232 1482 ideo
257 1415 368 1480 nrundi
390 1421 537 1480 naturam
560 1421 646 1481 stare
669 1418 738 1482 sine
760 1417 835 1482 ullis

1 1557 29 1602 os
44 1534 151 1597 letibus
174 1531 441 1612 externis‘neque
464 1551 626 1613 quoquam
649 1553 745 1616 posse
766 1533 884 1598 resolvi

43 1667 160 1712 samma
182 1653 281 1729 atque
303 1647 388 1729 iura,
413 1645 499 1728 quod
522 1647 553 1709 in
577 1645 717 1712 medium
740 1646 804 1710 sint
826 1647 934 1711 omnia
962 1646 1058 1727 nixa3
1097 1657 1098 1660 ’

44 1763 139 1846 ipsum
162 1762 189 1825 si
212 1761 385 1842 quiequam
407 1779 504 1845 posse
527 1760 559 1824 in
582 1780 617 1826 se
640 1761 751 1825 sistere
775 1761 898 1844 eredis,

44 1885 71 1940 et
92 1896 172 1958 qnae
194 1874 342 1960 pondera
365 1881 438 1940 sunt
459 1873 518 1940 sub
540 1876 634 1939 terris
657 1875 765 1950 ornnie
789 1883 913 1939 sursum

46 1992 129 2057 nitier
150 1991 184 2055 in
206 1998 358 2070 terraque
380 1997 463 2054 retro
487 1989 688 2071 requieseere
710 1997 824 2074 posta.

9 2113 76 2170 aaut
95 2126 149 2190 per
171 2125 279 2187 aquas
302 2124 385 2186 qnae
408 2123 492 2168 nune
513 2123 619 2168 rerum
643 2104 816 2169 simuleors
838 2103 1003 2180 videmus,

51 2219 173 2285 adsimili
198 2219 325 2284 ratione
349 2219 503 2283 animalia
525 2239 629 2302 suppa
652 2218 766 2300 vagari

49 2334 253 2418 contendunt,
278 2351 382 2415 neque
405 2353 501 2417 posse
524 2311 542 2398 e
564 2333 655 2397 terris
679 2333 711 2396 in
735 2333 807 2398 lona
830 2333 909 2398 caeli

46 2447 194 2514 reoeidere
216 2447 375 2512 inferiora
397 2449 500 2529 magis
524 2467 619 2528 quarn
643 2467 780 2532 eorpora
802 2453 913 2513 nostra

47 2569 150 2648 sponte
172 2583 234 2628 sua
257 2562 381 2646 possint
402 2561 435 2624 in
458 2561 540 2626 oeeli
562 2563 682 2646 templa
705 2561 838 2626 volare:

6 2701 33 2744 aa
46 2678 87 2741 illi
107 2697 176 2743 cunr
198 2676 332 2741 videant
354 2676 474 2759 solem,
498 2695 558 2739 nos
580 2675 688 2740 sidera
710 2678 811 2740 noetis
853 2701 858 2712 ·

46 2811 186 2875 eernere,
211 2797 243 2856 et
266 2791 398 2856 alternis
420 2789 587 2856 nobiseum
611 2796 756 2874 tempora
779 2791 861 2854 oaeli

45 2906 179 2972 dividere
202 2913 235 2972 et
256 2913 367 2972 noctes
389 2905 502 2990 parilis
525 2904 650 2988 agitare
672 2903 803 2970 diebus.

45 3022 97 3087 sed
119 3041 222 3086 vanus
245 3021 370 3086 stolidis
391 3019 473 3086 haee

45 3137 176 3220 amplexi
201 3136 286 3218 quod
309 3135 430 3201 habent
450 3154 530 3220 perv

7 3269 32 3312 :o
47 3271 114 3315 narn
136 3251 277 3316 medium
299 3251 344 3316 nil
367 3269 438 3316 esse
460 3256 565 3335 potest

44 3363 179 3431 infinita.
203 3386 308 3448 neque
331 3365 480 3448 omnino,
504 3365 531 3430 si
553 3363 619 3428 iarn
641 3361 780 3428 medium
804 3363 864 3441 sit,

45 3482 140 3562 possit
160 3481 207 3545 ibi
230 3481 399 3564 quiequam
423 3479 598 3545 consistere

44 3615 134 3675 quarn
158 3595 272 3678 quavis
294 3596 359 3661 alio
381 3596 477 3678 longe
500 3594 623 3658 ratione

46 3711 141 3775 orrrnis
164 3709 249 3775 enirn
271 3710 361 3775 loeus
383 3730 422 3774 ae
444 3709 601 3796 spatium,
626 3710 712 3792 quod
734 3712 831 3776 inane
853 3729 1025 3792 vocamus,

8 3839 33 3885 ra
47 3841 98 3904 per
118 3822 278 3901 inedium,
302 3844 361 3908 per
383 3805 629 3900 non'rnedium‚
653 3826 828 3890 eouoedere
852 3824 948 3890 debet

49 3955 145 4020 aeque
167 3938 383 4024 ponderibus,
405 3946 510 4004 motus
533 3959 599 4022 qna
621 3957 755 4020 eumque
778 3937 941 4004 seruntur.

54 4241 112 4286 1011
136 4239 294 4305 Principium
325 4240 338 4308 11
373 4245 436 4290 1061
461 4241 493 4290 Et
511 4241 587 4290 simili
620 4239 635 4310 ll
668 4245 734 4290 1066
753 4241 861 4290 stollidis
890 4239 904 4308 ΙΙ
935 4245 998 4290 1011
1021 4241 1128 4305 denique
1150 4241 1163 4310 ΙΙ

53 4325 156 4374 medinm
175 4327 208 4375 sit
227 4329 338 4379 omissa.
359 4329 372 4396 11
396 4331 462 4378 1013
481 4328 533 4376 alia
552 4325 566 4397 ΙΙ
588 4331 655 4378 1014
674 4329 741 4392 quod
759 4329 802 4378 in.
824 4327 837 4397 ll
857 4345 976 4380 roosrnus
988 4329 1127 4382 omissum.
1149 4323 1162 4394 ll

57 4412 116 4462 1010
134 4413 210 4466 debet
228 4415 364 4468 omissum.
385 4413 399 4484 Η
421 4419 487 4466 1016
506 4417 604 4481 Aequis
