3036 5150
640 371 672 435 11
816 435 819 442 ,
1151 371 1212 437 123

118 551 194 612 vesle
204 547 283 610 inter
294 567 346 610 eos
358 543 543 608 dostrootam
554 543 710 628 sanquine
721 541 817 608 multo
829 541 1038 626 Disperiisee)
1051 591 1059 626 ‚
1075 561 1140 606 non
1157 541 1211 607 de·

118 649 162 714 bet
180 647 273 712 seribi
289 645 481 726 distraetus,
504 645 562 711 sed
585 665 803 709 n1snsncnn
818 657 883 710 ost.
899 644 1010 727 itaque
1024 644 1084 710 hos
1099 663 1212 710 versus

116 755 143 814 et
155 747 335 814 emendatos
351 753 383 812 et
397 747 562 830 elegantes
585 747 745 831 oseneio,
769 747 797 812 si
817 744 860 811 ad
881 744 964 810 hune
985 744 1114 812 modum
1135 746 1210 812 sori-

116 851 236 916 bantur.
255 849 340 936 Utfit
352 851 409 915 ubi
419 851 453 914 in
461 873 582 936 paruas
589 851 696 936 partis
707 850 900 935 discerpitur
911 869 1036 912 susus
1047 849 1211 934 Purpura,

113 955 332 1041 poeniceusque
343 952 430 1030 solor·
440 952 631 1017 clarissimu'
641 951 739 1016 multo
749 1000 758 1033 ,
776 951 906 1016 dilatiore
918 975 987 1016 eum
999 970 1210 1014 nnsnsscnn

116 1069 444 1140 est,n1snnaernnn
457 1055 578 1119 manis.
593 1072 692 1117 unum
708 1059 826 1134 restat,
843 1051 929 1136 qnod
942 1051 1079 1117 Adollns
1090 1050 1211 1117 Sohnni.

115 1155 178 1222 dine
191 1205 199 1240 ‚
213 1157 263 1221 vir
278 1155 498 1239 clarissimus,
515 1155 548 1219 in
570 1153 812 1220 soonratissima
834 1153 875 1219 de
897 1173 1040 1239 purpura
1062 1154 1212 1220 disserta

115 1258 192 1323 tione
202 1257 434 1346 &wsedunpen
448 1257 513 1340 auf
521 1255 589 1322 dem
603 1257 721 1343 pebiete
736 1254 791 1321 des
806 1255 988 1322 aiterthunis
999 1278 1010 1320 1
1022 1278 1053 1341 p.
1069 1255 1143 1340 101)
1155 1275 1211 1340 pu·

116 1359 229 1426 niseum
252 1358 393 1426 colorem
408 1377 569 1445 purpurae
591 1357 733 1424 adsoribi
754 1376 852 1442 posse
874 1364 992 1441 negat:
1015 1358 1105 1423 illum
1127 1357 1211 1424 enim

114 1462 268 1546 proprium
291 1481 365 1528 esse
381 1462 489 1544 eoeei3
510 1460 571 1526 nisi
588 1458 674 1544 quod
690 1458 836 1544 idem.(p.
852 1459 924 1538 147)
940 1461 974 1526 in
990 1459 1127 1544 hysgino
1143 1479 1211 1526 eoe-

114 1563 250 1629 enmsub
265 1564 369 1650 Tyrio
385 1562 487 1629 luisse
502 1561 650 1628 coneedit
663 1609 670 1624 .
683 1569 717 1626 at
729 1561 854 1627 Seneoa
865 1563 898 1627 in
909 1561 1024 1628 Medea
1035 1563 1077 1629 99
1093 1576 1210 1628 ostrum

110 1667 268 1751 puuroennr
281 1663 364 1731 dixit
376 1714 384 1749 ,
397 1665 489 1732 Ostro
499 1667 546 1730 sie
557 1665 809 1750 neumispunieeo
821 1664 905 1730 color
916 1665 1073 1748 Perfusus
1084 1649 1191 1730 rubuit
1202 1689 1212 1730 .·

112 1786 208 1852 neque
214 1768 383 1854 poeniceus
395 1768 483 1832 oolor
495 1765 751 1832 untaPhoenice
763 1772 848 1832 terra
860 1767 1085 1851 autapalmee
1097 1765 1210 1852 fructu,

113 1877 141 1932 ιι
155 1868 259 1936 Gellio
275 1870 381 1937 risum
397 1877 447 1936 eet
463 1891 497 1953 ιι,
510 1869 572 1953 26,
589 1888 705 1934 nomen
718 1867 828 1951 duxit,
844 1867 905 1933 sed
918 1887 939 1933 a
954 1869 1069 1933 Poenis
1082 1916 1089 1932 .
1105 1867 1165 1934 hoo
1180 1876 1212 1934 et

17 2043 18 2048 1
113 1969 251 2054 syllabae
274 1971 422 2037 modulus
440 1969 553 2055 dooet,
577 1972 633 2056 qui
649 1969 757 2036 differt
772 1990 794 2035 a
809 1970 934 2036 Graeco
951 1970 1013 2054 (sia
1028 1969 1162 2036 Plautus
1177 1971 1211 2036 in

17 2075 18 2114 l
114 2071 267 2139 Pseudulo
279 2096 300 2158 ι,
312 2074 342 2154 2,
351 2075 393 2140 92
409 2074 510 2156 Ordo,
527 2075 752 2157 Phoenicium,
762 2074 906 2159 poenicis
917 2075 1002 2138 ιόνίο
1013 2074 1129 2138 invises
1136 2078 1210 2160 per-

17 2185 18 2258 ]
111 2174 248 2261 polam),
277 2181 310 2241 et
332 2175 434 2242 Varro
462 2176 548 2242 elane
575 2177 716 2242 ostendit
742 2175 784 2241 de
807 2175 920 2259 lingua
942 2173 1060 2240 Latina
1081 2175 1163 2240 libro
1189 2197 1210 2237 v

112 2296 139 2360 p.
152 2278 207 2341 lli
223 2323 231 2338 .
247 2277 341 2343 huius
356 2277 466 2361 verba,
483 2279 559 2360 quia
571 2279 753 2346 Sehnnidins
765 2297 830 2343 non
844 2283 930 2343 reste
946 2277 1050 2362 oepit,
1066 2277 1209 2344 subieei.

114 2377 198 2443 Luna
209 2378 386 2462 Genusum,
402 2392 436 2444 ut
451 2379 604 2465 Polybius
619 2394 648 2446 et
663 2381 877 2448 Callimachus
891 2381 1033 2446 scribunt
1044 2427 1051 2444 .
1061 2403 1211 2466 punpura

17 2491 18 2532 l
114 2504 310 2568 opurpuroe
330 2481 519 2548 maritumae
540 2483 641 2550 coloro
651 2533 661 2568 ‚
684 2497 719 2549 ut
733 2484 903 2570 poenienrn
922 2481 1039 2568 (sodex
1055 2481 1210 2547 Florenti-

18 2645 19 2670 ,
113 2599 164 2647 uus
181 2583 316 2648 coierent
323 2582 507 2668 peniosnn),
524 2581 610 2670 quod
622 2609 642 2649 o
658 2585 774 2651 Poenis
785 2587 925 2672 primurn
947 2583 1066 2649 duitor
1088 2583 1210 2650 alluta.

18 2691 19 2700 ’
113 2681 163 2748 hoe
183 2690 253 2770 eet,
275 2685 446 2769 poenienm
467 2685 544 2752 item
566 2691 602 2751 nt
623 2705 767 2772 purpura
789 2687 932 2752 anolore
954 2704 1069 2752 nomen
1092 2684 1209 2768 habet,

112 2785 189 2868 qnod
212 2805 251 2852 eo
267 2786 370 2852 tinete
384 2787 461 2853 lana
475 2807 497 2854 a
510 2787 628 2854 Poenis
644 2789 783 2874 primum
798 2789 916 2855 dieitur
931 2787 1032 2854 allata
1048 2835 1055 2852 .
1071 2795 1210 2856 osterum

109 2889 250 2970 moseum
272 2893 305 2953 et
322 2890 494 2976 puniowrn
520 2891 701 2976 promissus
728 2892 878 2958 dixerunt
905 2889 946 2956 de
973 2891 1080 2956 solone
1110 2897 1142 2957 et
1169 2891 1210 2958 de

18 2979 19 2986 '
112 2997 196 3068 gente
211 3038 220 3055 .
236 2995 273 3055 nt
288 2991 457 3077 poenosum
472 2992 575 3058 Varro
597 2999 629 3059 et
643 2993 793 3059 Horatius
809 2995 843 3060 in
858 2991 963 3078 epodo
979 3013 1013 3055 rx
1028 2994 1128 3059 nictus
1142 2996 1210 3060 tos·

111 3091 146 3154 tis
153 3093 270 3178 punico
285 3091 436 3179 hspnbre
450 3096 582 3161 mutabit
594 3095 657 3181 (sio
672 3097 877 3163 scribendum
891 3101 959 3179 est,
976 3114 1041 3160 non
1063 3099 1210 3178 mutand)

111 3213 240 3278 ιιριιιιι,
262 3193 310 3260 ita
325 3196 449 3282 pundo
469 3209 574 3262 rostro
595 3197 780 3284 Propertius
802 3201 835 3264 in
857 3221 897 3281 ιι,
910 3199 940 3284 3,
953 3197 996 3264 32
1018 3202 1050 3262 et
1072 3195 1209 3264 Ovidius

112 3309 244 3360 anorum
259 3317 293 3380 11,
306 3295 337 3381 6,
353 3295 395 3361 22
412 3345 419 3361 .
435 3305 549 3364 eontra
570 3300 623 3365 lex
644 3301 765 3366 'Pharia
779 3301 820 3368 75
843 3301 922 3368 bello
944 3300 1090 3365 Poinioio
1107 3323 1206 3386 prou·

111 3415 208 3480 euno,
232 3403 265 3463 et
286 3397 372 3465 idem
395 3397 532 3467 Ovidius
554 3401 588 3465 in
610 3402 703 3469 Ibide
718 3403 782 3470 280
804 3404 835 3470 Α
858 3403 936 3470 duee
958 3403 1119 3468 Puniceo.

184 3505 255 3573 833.
279 3529 384 3579 ausu
406 3490 621 3575 sisennius
637 3561 645 3578 .
661 3512 730 3579 Hoc
745 3514 778 3578 iu
793 3513 904 3580 codiee
919 3511 1096 3598 archetypo
1109 3511 1210 3578 fuisse

113 3615 253 3691 enpust:
279 3629 355 3677 nam
383 3611 544 3696 oblongus
573 3611 671 3682 habet
697 3616 882 3699 decedunt,
910 3613 1087 3701 quadratus
1110 3614 1210 3680 dnos·

113 3705 202 3776 duone
216 3760 224 3776 .
238 3711 397 3780 Marullus
419 3735 653 3783 nssesnnun.

184 3813 254 3881 840.
272 3815 328 3881 Ns
339 3837 453 3881 ιιιιιιιι
464 3837 562 3882 neno
574 3865 582 3883 .
595 3817 691 3904 Apud
703 3821 831 3887 Festum
843 3819 1081 3906 pausatum
1093 3820 1208 3887 monus.

184 3915 253 3982 841.
270 3937 369 3990 enan
385 3939 477 3984 suns
492 3941 590 3984 anns
606 3942 721 3987 nunus
737 3943 902 3987 nnnvnnn
917 3941 1090 3992 sennenn
1103 3969 1111 3985 .
1125 3921 1209 4001 Qua·

112 4010 209 4084 drutus
223 4033 380 4108 notoquoo
392 4069 399 4086 .
411 4021 617 4089 scribendum
639 4031 688 4091 est
709 4045 856 4090 sonans
869 4075 877 4092 .
889 4026 937 4090 itu
957 4024 991 4089 in
1006 4045 1028 4102 1,
1040 4023 1104 4091 700
1125 4024 1207 4111 quid

112 4117 187 4183 nobis
207 4124 322 4188 cestim
344 4124 425 4210 ι’]ιιιζι
439 4123 590 4191 Sentius
612 4151 678 4193 esso
696 4141 816 4213 potest,
833 4131 893 4215 qui
903 4153 979 4194 uero
994 4149 1032 4192 oo
1041 4126 1139 4213 falso
1154 4151 1205 4193 no·
1268 4119 1276 4138 ’

114 4225 217 4287 tonus?
231 4224 408 4291 Lambinus
427 4225 630 4312 ineptissime
649 4229 725 4294 aliu
745 4231 838 4296 rebus
857 4231 999 4317 notisque
1009 4279 1019 4312 ,
1035 4227 1207 4294 Wakefiel-

114 4315 165 4387 dus
178 4327 306 4410 priosta
324 4341 469 4394 notorum
483 4327 580 4413 (haee
595 4331 681 4396 enim
697 4332 779 4398 inter
794 4351 830 4399 se
846 4330 1025 4416 coniungit)
1040 4329 1200 4394 absurde.

183 4427 252 4495 842.
275 4449 391 4495 sonos
413 4453 499 4497 ιοιι
520 4452 581 4495 ιιι
605 4435 970 4515 connas.Quedratus
985 4431 1199 4500 eoins.huius

116 4537 260 4597 torrenter
283 4539 314 4600 et
336 4535 435 4601 ceteri
457 4534 522 4602 solo
544 4555 729 4600 eronrsnn
753 4539 877 4605 coloro.
