3036 5150
226 356 228 365 '
298 348 340 414 94
836 345 870 412 11

383 520 456 584 363.
480 537 717 587 suernnrrone
741 537 937 580 securene
960 536 1083 580 consu
1106 564 1114 581 .
1136 515 1204 580 Hoc
1225 514 1388 580 Macrobius

298 622 483 704 confirmat,
501 617 721 684 Wakefieldos
734 619 779 684 ita
790 626 896 684 tuetur
907 625 942 683 ut
956 617 1045 684 dicat
1059 619 1194 683 morium
1209 642 1311 682 euram
1326 635 1389 682 esse

298 725 341 790 ‘id
364 744 483 808 curae,
508 720 594 805 qnod
617 745 685 786 euru
707 723 803 786 subiit
814 722 832 786 .'
846 719 957 786 nihilo
981 721 1086 786 minus
1108 719 1281 786 scribemus
1302 740 1390 783 sour-

298 849 453 898 rnnunn
476 838 615 890 acerum
637 847 772 888 curum.

382 931 455 996 368.
479 947 646 998 sennenn
668 947 828 990 rnrcnor
845 926 1052 992 Bnnnnrnu
1071 946 1260 992 ruccone.
1280 924 1328 990 Sic
1345 924 1392 990 cb·

298 1036 415 1116 longus
440 1037 472 1097 et
493 1030 652 1112 schedae,
669 1029 746 1094 item
763 1029 942 1096 Brixieusis
958 1028 1079 1095 editio:
1101 1029 1254 1094 Baletum
1269 1026 1393 1112 qnadra-

298 1143 369 1218 tns,
387 1135 545 1199 Antonius
561 1132 653 1198 blerii
668 1182 676 1213 ,
693 1132 915 1198 veronenses.
936 1131 997 1197 boe
1012 1131 1154 1197 admisso
1169 1131 1225 1197 liet
1239 1136 1395 1198 utmalros

298 1239 381 1304 letus
409 1257 485 1302 suos
513 1236 644 1302 novisse
672 1233 839 1298 dicentur:
875 1232 933 1298 sed
966 1233 1000 1298 id
1033 1240 1131 1319 podia
1156 1235 1275 1317 agebm
1298 1235 1396 1319 priore

297 1360 416 1406 vaccae
446 1339 616 1424 exemplo,
649 1356 753 1419 neque
784 1355 822 1402 eo
849 1335 1009 1420 pertinent
1035 1356 1120 1420 quae
1148 1337 1292 1404 subiecta
1311 1341 1396 1420 snut,

299 1444 355 1510 Ad
375 1467 435 1508 sua
458 1444 591 1528 quisque
607 1440 684 1526 fere
712 1438 883 1504 desumunt
905 1438 1015 1504 oleru
1029 1439 1145 1506 Icelus.
1169 1437 1348 1504 Macrobius
1368 1437 1398 1500 in

298 1546 425 1611 Seium.
447 1545 530 1625 v1‚5
557 1549 588 1608 et
616 1542 730 1608 Festus
752 1563 784 1626 p.
801 1541 877 1624 206,
895 1541 938 1626 l,
972 1543 1027 1624 qui
1060 1541 1222 1627 prioribus
1256 1545 1398 1622 utuntur,

297 1648 555 1734 praetermittunt
570 1645 745 1710 Balantum
755 1642 915 1730 pecudes.
931 1643 1114 1711 Macrobius
1137 1643 1280 1710 tremulis
1300 1645 1334 1708 iu
1353 1666 1399 1708 uo-

297 1753 386 1816 cibus
409 1757 440 1816 et
463 1749 668 1833 Ooroiferas.

382 1853 454 1918 371.
482 1852 688 1916 Posrnnuo
717 1870 901 1921 ononvrrs
928 1870 1158 1914 ennuenrurr
1185 1871 1258 1916 non
1286 1869 1401 1915 neuen

298 1977 420 2040 ouon,
438 1955 616 2034 Qurnoue
632 1974 700 2018 suo
716 1974 882 2038 censen,
899 1973 1015 2018 renen
1030 1973 1221 2017 snsrrrrun
1243 1975 1325 2018 nese
1347 1973 1401 2016 vr·

296 2079 427 2123 neers.
451 2056 637 2135 Quadratus
659 2059 875 2123 Postremum.
897 2075 1061 2126 ononvrs
1083 2055 1158 2122 Itali
1180 2063 1213 2124 ei
1236 2056 1400 2143 impressi.

297 2162 355 2228 sed
378 2160 459 2226 baec
481 2179 545 2224 uon
568 2159 664 2225 video
687 2158 850 2243 quomodo
873 2158 1026 2242 coniungi
1048 2159 1194 2244 possint,
1206 2161 1402 2246 frumentun

298 2263 431 2351 quodvis
442 2287 499 2328 suo
511 2266 645 2350 quicque
657 2263 740 2346 (sive
753 2311 760 2345 ‚
773 2268 808 2326 ut
819 2261 909 2344 lculi,
922 2259 1081 2348 quodque)
1090 2285 1220 2348 qenere:
1232 2264 1312 2328 nihil
1324 2263 1403 2328 euim
1500 2347 1501 2354 ἵ

298 2366 452 2432 differunt
463 2365 504 2430 ab
516 2366 557 2430 iis
568 2361 1015 2450 quaniceronemdelinibus
1024 2363 1257 2440 v,46scribere
1268 2365 1403 2451 potuisse
1500 2449 1501 2472 Χ

297 2468 465 2534 Madvicns
477 2473 562 2532 recte
574 2475 685 2550 neget,
699 2467 963 2552 utriusquepartis
975 2491 1035 2531 sue
1047 2467 1198 2552 cuiusque
1211 2471 1281 2534 urs.
1298 2469 1403 2552 itaque

298 2591 392 2657 quem
408 2570 583 2635 admodum
598 2569 710 2635 Cicero
726 2567 855 2653 scripsit
873 2593 934 2633 suu
955 2593 1097 2657 quaeque
1115 2571 1187 2652 urb,
1211 2570 1265 2636 bic
1284 2589 1405 2656 quoque

298 2673 502 2742 scribendum
515 2678 591 2758 puto
604 2671 733 2758 Quoque
743 2671 797 2736 vel
815 2719 823 2754 ,
837 2669 923 2754 quod
936 2670 1021 2736 idem
1034 2677 1098 2754 est,
1117 2671 1271 2750 Qnrcne
1288 2698 1344 2740 suo
1356 2697 1404 2760 qe-

298 2801 372 2842 uere
384 2823 390 2840 .
406 2776 452 2840 iia
463 2775 565 2841 Varro
577 2793 684 2840 rorum
696 2773 887 2839 rusticarum
903 2773 988 2857 ι,7,2
1000 2773 1085 2860 quod
1095 2797 1311 2864 quaecumque
1321 2775 1405 2861 (libri
1499 2841 1500 2860 2

299 2879 453 2966 quaeque)
468 2904 524 2944 suo
541 2901 663 2966 quoque
679 2877 744 2942 loco
758 2888 831 2940 sunl
843 2877 969 2962 pesilo,
985 2900 1023 2941 ec
1037 2877 1143 2942 miuus
1159 2878 1223 2944 loci
1235 2891 1404 2966 occupent,
1499 2871 1500 2944 i

298 3001 363 3046 nou
375 3005 587 3068 quaecumque
601 3003 658 3045 suo
674 3003 835 3065 quaeque.
851 2995 957 3061 neque
968 2979 1023 3042 sui
1034 2979 1147 3065 cuique
1161 3003 1264 3046 mores
1279 2981 1405 3047 bomini·

299 3085 356 3148 bus
372 3083 447 3148 ferri
463 3087 570 3167 potest
585 3082 618 3146 in
632 3101 728 3148 versu
739 3081 867 3146 senario
881 3098 944 3162 quo
958 3079 1127 3148 Cornelius
1139 3082 1254 3168 Nepos
1266 3083 1364 3148 utitur
1375 3081 1405 3146 in

298 3187 402 3252 Attico
418 3186 467 3268 11,
479 3186 499 3250 6
511 3233 519 3266 ,
537 3183 594 3248 sed
610 3183 707 3249 debeb
718 3201 790 3248 esso
800 3181 864 3249 Sur·
873 3183 989 3269 quique
1000 3185 1406 3274 morcsfinquutsorlauom

297 3285 597 3369 demumdernum
624 3286 707 3350 inter
733 3285 908 3350 sententias
935 3285 970 3350 P.
991 3283 1145 3370 Syrisce
1173 3295 1306 3354 anctore
1332 3285 1405 3352 mibi

299 3389 462 3471 incognito
488 3389 535 3452 ita
560 3388 715 3472 scriptum
744 3385 891 3452 exhibuit
918 3387 1072 3468 Botbius‚
1100 3389 1275 3456 Fuuueu
1298 3391 1406 3475 cuique

298 3515 399 3556 rueres
410 3491 590 3578 eoufluquul
600 3493 655 3556 sui
661 3514 671 3555 .·
686 3491 720 3554 in
732 3488 895 3555 Ciceronis
906 3489 1083 3574 paradoxis
1094 3491 1136 3558 35
1149 3489 1292 3576 ‘sapiens
1303 3488 1403 3575 pobta’

298 3593 374 3660 Suis
386 3593 526 3680 floqilur
538 3593 679 3680 fortusse
693 3593 806 3678 cuique
821 3593 983 3657 moribus:
1007 3593 1132 3660 Nonius
1147 3614 1178 3679 p.
1193 3593 1269 3677 526,
1286 3594 1330 3658 24
1350 3591 1409 3658 sur·

298 3697 410 3781 cuique
430 3719 532 3760 meree
542 3695 674 3782 fiuquul
689 3743 697 3758 .
713 3693 839 3758 mimico
855 3694 963 3760 versui
979 3695 1176 3778 elegantium
1191 3696 1297 3779 magis
1312 3712 1406 3779 quem

297 3795 428 3882 ‘pingue
450 3797 602 3862 orationis
625 3795 736 3880 genus’
759 3796 931 3862 convenire
947 3795 1081 3864 Carolus
1097 3798 1319 3884 Nipperdcius
1335 3815 1405 3862 eon·

298 3899 413 3965 cedere
435 3897 594 3982 debebat,
609 3901 671 3966 nisi
695 3898 813 3982 fallor,
830 3899 884 3982 qui
900 3905 1012 3964 contra
1033 3901 1227 3966 senentiam
1249 3919 1356 3966 meam
1375 3903 1406 3964 et

298 4000 376 4066 Alsr.
394 3999 606 4067 Fleckeisenii
622 4001 842 4086 pronuntiavit
856 4001 1040 4086 nuperrime
1061 4002 1094 4068 in
1116 4003 1227 4068 libello
1250 4021 1344 4086 quem
1366 4000 1405 4064 de

298 4102 445 4168 Cornelio
473 4103 598 4188 Nepote
627 4103 703 4168 iecit
727 4123 758 4187 p.
781 4103 843 4168 78:
876 4123 981 4194 neque
1014 4104 1100 4170 enim
1127 4104 1404 4191 reprehendissem

297 4224 425 4271 versum
448 4203 509 4270 hoe
531 4205 626 4270 modo
648 4207 821 4289 seriptum,
843 4205 1017 4272 Fercuuem
1033 4207 1209 4274 bominibus
1223 4231 1325 4273 mores
1340 4205 1402 4270 eui·

298 4331 358 4394 que
380 4307 458 4372 dunt
478 4309 534 4373 sur·
546 4357 553 4372 .
571 4309 603 4372 in
627 4308 764 4391 Vergilii
787 4308 902 4391 ecloga
925 4330 979 4392 vu,
994 4308 1038 4374 54
1059 4309 1131 4374 libri
1155 4329 1265 4376 omnes
1286 4314 1320 4374 et
1343 4305 1405 4372 No·

297 4411 369 4475 nius
392 4431 423 4494 p.
435 4409 498 4476 326
510 4420 542 4480 cb
553 4411 614 4478 389
635 4409 744 4478 Strato
764 4412 867 4476 sbeenl
882 4413 1006 4498 parlim
1027 4435 1088 4480 oco
1110 4438 1252 4501 quosque
1271 4411 1330 4477 aud
1353 4433 1401 4474 ar·

297 4513 369 4578 bore
380 4535 476 4600 pomo
488 4561 496 4577 .
509 4513 621 4581 Cicero
637 4513 678 4578 dc
693 4519 821 4579 oratore
832 4513 914 4582 libro
929 4535 977 4600 111,
989 4513 1051 4579 216
1064 4515 1156 4600 (coa)
1169 4529 1262 4581 oculo
1272 4514 1403 4604 quouis,
