2996 5148
371 428 434 494 040
909 387 954 490 vr

370 595 452 660 inter
474 570 509 661 sd
532 597 690 677 quaedam
713 597 838 682 possint
860 595 990 678 eoplste
1015 597 1136 674 teneri;

371 707 457 790 quod
479 709 585 795 magis
608 711 641 776 in
662 711 770 797 lepide
792 710 853 776 hoo
874 710 943 776 fieri
966 709 1116 792 ferroque
1139 709 1281 786 videtur,

289 845 354 892 1000
415 827 508 890 Nune
529 825 611 891 ratio
635 846 719 908 quae
742 827 783 892 sit
803 827 942 910 morbis,
959 832 1014 890 sut
1035 823 1121 892 unde
1143 833 1275 911 repente

371 939 567 1006 mortiferam
589 942 692 1025 possit
714 940 839 1006 eisdem
862 939 1002 1006 eonflare
1029 947 1139 1006 eoorts
1162 979 1164 984 ·

372 1055 517 1121 morbida
539 1056 587 1120 vis
609 1055 772 1121 hominnm
793 1055 902 1136 generi
926 1053 1148 1139 pecudumque
1170 1055 1324 1128 catervis.

370 1169 558 1255 expediam.
575 1171 711 1254 primum
733 1169 904 1234 multorum
928 1171 1053 1236 semine
1074 1189 1179 1234 rerum

371 1305 443 1352 esse
466 1305 564 1370 supra
586 1285 681 1351 dooui
705 1304 789 1368 quse
812 1286 876 1349 sint
897 1285 1009 1366 vitalia
1031 1283 1144 1368 nobis,

289 1422 354 1469 1000
370 1409 401 1466 et
423 1407 535 1467 eontra
558 1421 642 1483 quoe
665 1401 727 1466 sint
750 1401 860 1466 morbo
883 1401 1039 1481 mortique
1061 1407 1224 1465 necessest

368 1517 468 1581 mults
489 1516 620 1582 volere:
637 1536 677 1582 es
699 1536 769 1582 oum
792 1537 870 1581 essu
894 1521 966 1580 sunt
988 1514 1072 1580 sorte
1094 1522 1204 1580 eoorta

370 1639 401 1698 et
422 1631 647 1716 perturbarunt
669 1631 792 1697 eaelum
805 1682 813 1706 ,
828 1630 863 1696 fit
884 1629 1048 1696 morbidus
1071 1637 1145 1695 ner.

369 1755 464 1829 atque
488 1767 527 1812 ee
549 1747 605 1822 vis¹
621 1747 723 1836 omnis
746 1747 928 1812 morborum
952 1745 1173 1829 pestilitasque

369 1867 425 1928 sut
446 1863 644 1928 extrinsecus
666 1869 701 1926 ot
724 1862 825 1926 nubes
848 1860 1048 1942 nebulaeque
1072 1877 1209 1944 superne

287 1999 353 2046 1100
369 1997 426 2062 per
450 1977 573 2042 eaelum
595 1977 746 2059 veniunt,
763 1981 820 2040 eut
841 1976 913 2060 ipss
934 1995 1033 2060 snspe
1055 1981 1185 2040 ooortee

369 2091 409 2158 de
432 2101 516 2157 terra
537 2097 691 2174 surgunt,
710 2092 763 2157 ubi
786 2097 931 2177 putorem
954 2089 1065 2156 umido
1087 2095 1212 2154 nsotsst

367 2207 599 2292 intempestivis
621 2207 804 2292 pluviisque
827 2213 858 2272 et
879 2207 1003 2272 solibus
1025 2205 1109 2270 iets.

367 2341 474 2387 noune
496 2321 588 2388 vides
611 2321 704 2386 etium
729 2322 811 2386 eseli
834 2321 974 2386 novitate
997 2327 1029 2385 et
1051 2339 1206 2402 aquarum

368 2437 514 2520 temptari
538 2437 649 2521 proeui
671 2457 691 2500 s
712 2435 819 2519 petria
843 2437 896 2518 qui
919 2455 1055 2516 eumque
1077 2435 1236 2516 domoque

285 2573 350 2619 1100
368 2550 544 2616 adveniunt
565 2551 638 2616 ideo
662 2550 737 2632 quie
760 2551 855 2636 longe
877 2549 1087 2633 disoropitent
1106 2549 1185 2616 res?

366 2685 440 2730 narn
465 2664 541 2746 quid
564 2664 738 2730 Brittannis
761 2667 887 2732 eaelum
909 2665 1037 2730 differre
1063 2670 1234 2748 putemus,

366 2787 398 2846 et
420 2779 505 2862 quod
527 2779 559 2843 in
583 2781 731 2864 Aegypto
754 2787 820 2864 est,
838 2800 904 2862 quo
927 2779 1035 2844 mundi
1056 2779 1218 2844 eieudioat
1239 2778 1333 2846 axis.

366 2893 483 2977 quidve
506 2895 591 2976 quod
614 2897 646 2959 in
671 2895 771 2962 Ponto
794 2901 843 2961 est
865 2895 1013 2977 differre,
1033 2901 1065 2958 et
1087 2892 1234 2958 Gadibus
1259 2901 1355 2976 atque

368 3029 467 3092 usque
490 3010 532 3076 ad
554 3011 647 3094 nigra
669 3009 771 3074 virum
794 3017 941 3092 perooeto
964 3007 1230 3074 000010οο100οἳ

283 3147 349 3192 1110
368 3145 450 3207 quse
473 3146 545 3190 oum
569 3131 719 3208 quattuor
740 3125 822 3191 inter
844 3145 879 3190 00
902 3124 1029 3188 diversa
1051 3121 1195 3188 videmus

365 3247 513 3322 quattuor
534 3261 554 3304 0
576 3241 678 3305 ventis
701 3245 732 3304 et
754 3241 835 3306 eseli
857 3238 1001 3325 pertibus
1023 3257 1115 3312 esse,

364 3361 428 3418 tum
452 3353 541 3418 oolor
563 3361 594 3418 et
617 3352 718 3419 sanies
742 3354 903 3420 hominum
928 3353 1045 3420 distare
1068 3350 1215 3418 videntur

363 3468 496 3550 largiter
518 3474 551 3532 et
574 3467 674 3534 morbi
696 3469 871 3552 generatim
895 3471 1003 3536 sseola
1027 3477 1155 3535 tenere.

365 3588 413 3647 est
436 3583 571 3667 elephas
594 3583 723 3648 morbus
747 3584 800 3665 qui
824 3592 953 3667 propter
974 3583 1103 3650 flumina
1125 3583 1188 3648 Nili

282 3717 346 3763 1110
364 3675 505 3781 gignitur
527 3700 675 3783 Aegypto
698 3698 732 3762 in
755 3697 881 3784 media,
898 3718 1003 3782 neque
1026 3705 1195 3784 praetereo
1216 3717 1374 3779 usquam.

364 3811 492 3876 Atthide
515 3818 709 3896 temptantur
731 3833 880 3897 gressus,
898 3813 1046 3898 oculique
1068 3815 1102 3878 in
1125 3813 1261 3880 Aehaeis

362 3925 497 3990 tinibus.
513 3925 589 3992 inde
612 3927 683 3992 aliis
706 3928 790 3992 alius
812 3929 900 3994 10000
924 3935 973 3994 000
994 3929 1141 3994 inimicus

362 4041 506 4124 partibus
528 4061 566 4106 00
588 4041 738 4106 membris
752 4066 760 4106 ι
776 4041 884 4106 varius
906 4042 1076 4108 ooneinnet
1098 4042 1132 4108 id
1155 4050 1229 4108 ae'r.

366 4317 430 4364 1089
451 4315 511 4364 ferri
535 4313 549 4380 ΙΙ
580 4317 643 4364 1091
665 4315 766 4364 eradent
792 4313 805 4384 ΙΙ
837 4317 903 4364 1100
922 4323 1026 4364 coorto.
1054 4309 1067 4382 ii
1097 4313 1284 4364 1100001000.
1313 4311 1328 4384 Η
1360 4316 1489 4392 lusae*

363 4411 442 4466 Sypss
