3052 5144
340 412 384 476 44
886 405 915 470 Il

339 577 525 643 consociare
547 578 641 643 etiam
664 583 768 668 motus
790 581 922 661 potuere
944 584 1095 661 recepta.

340 691 450 776 cuius,
474 691 520 755 uti
543 711 705 768 memoro,
729 691 775 756 rei
798 691 1004 758 simulacrum
1025 697 1058 758 et
1079 693 1186 777 imago

341 811 416 870 ante
440 806 550 872 oculos
572 825 698 890 semper
720 805 814 870 nobis
835 812 981 871 versatur
1003 813 1034 871 et
1054 807 1172 873 instat.

342 919 575 1004 contemplator
596 921 701 1004 enim,
725 940 796 984 cum
819 919 898 984 solis
919 919 1042 985 lumina
1064 941 1198 1004 eumque

268 1053 316 1098 115
341 1029 451 1098 inserti
474 1033 610 1099 fundunt
631 1034 714 1099 radii
736 1053 795 1118 per
818 1053 922 1118 opaca
945 1034 1130 1100 domorum:

341 1147 442 1212 multa
463 1149 587 1213 minuta
609 1149 713 1215 modis
736 1148 844 1212 multis
865 1148 1039 1232 perinane
1062 1149 1186 1216 videbis

343 1281 478 1346 corpora
500 1263 648 1346 misceri,
671 1263 834 1326 radiorum
857 1261 975 1327 lumine
997 1263 1144 1348 inipso,

343 1382 375 1440 et
396 1377 448 1442 vel
470 1385 505 1441 ut
526 1384 657 1444 aeterno
682 1376 854 1442 certamine
877 1375 1001 1459 proelia
1022 1397 1150 1460 pugnas

344 1491 440 1564 edere
462 1493 622 1556 turmatim
646 1492 801 1556 certantia
823 1510 882 1554 nec
905 1489 983 1557 darc
1009 1511 1166 1576 pausam,

268 1627 316 1672 120
341 1606 482 1671 conciliis
505 1614 537 1672 et
559 1605 701 1671 discidiis
725 1607 866 1670 exercita
888 1606 1028 1689 crebris;

340 1721 488 1794 conicere
512 1729 546 1785 ut
566 1721 673 1806 possis
696 1741 736 1785 ex
758 1719 839 1802 hoc,
863 1721 1040 1803 primordia
1061 1741 1164 1786 rerum

341 1836 436 1917 quale
459 1835 500 1900 sit
514 1835 554 1900 ·in
576 1855 693 1918 magno
715 1833 830 1898 iactari
853 1853 979 1919 semper
1002 1836 1109 1900 inani.

342 1948 417 2014 dum
439 1954 550 2033 taxat,
574 1968 679 2014 rerum
701 1968 892 2031 magnarum
915 1969 1019 2032 parva
1041 1955 1146 2033 potest
1167 1969 1219 2015 res

342 2063 527 2146 exemplare
551 2063 629 2128 dare
652 2071 683 2129 ct
705 2063 840 2145 vestigia
859 2063 1003 2127 notitiai.

268 2197 316 2244 1⁶25
342 2176 402 2242 hoe
424 2177 520 2242 etiam
544 2179 647 2262 magis
670 2180 751 2244 haec
773 2177 966 2274 animumlte
989 2178 1156 2245 advertere
1182 2201 1243 2264 par
1264 2187 1314 2245 est

341 2312 477 2376 corpora
500 2294 639 2372 quaein
662 2293 740 2358 solis
764 2292 861 2356 radiis
884 2293 1013 2358 turbare
1034 2293 1201 2377 videntur,

343 2407 427 2488 quod
449 2407 532 2472 tales
555 2406 669 2471 turbae
691 2412 795 2472 motus
819 2427 946 2488 qnoque
968 2407 1117 2472 materiai

342 2521 525 2602 significant
547 2520 762 2586 clandestinos
784 2537 962 2601 caecosque
987 2521 1141 2586 subesse.

341 2636 443 2700 multa
462 2635 584 2701 videbis
606 2637 691 2701 enim
714 2636 819 2720 plagis
842 2635 885 2700 ibi
908 2634 1031 2718 percita
1054 2636 1159 2702 caecis

268 2772 316 2818 130
341 2755 536 2815 commutare
558 2751 643 2816 viam
666 2756 814 2832 retroque
837 2751 966 2833 repulsa
988 2751 1123 2828 reverti,

342 2885 425 2930 nune
448 2867 510 2930 huc
533 2886 616 2930 nune
638 2864 733 2946 illue,
758 2864 791 2928 in
813 2870 942 2928 cunctas
964 2863 1106 2948 undique
1128 2865 1249 2950 partis.

343 2981 483 3056 scilieet,
506 2981 558 3045 bic
581 3001 601 3044 a
623 2978 786 3063 principiis
809 2985 858 3044 est
880 2979 1028 3045 omnibus
1050 2995 1157 3046 error.

342 3097 445 3181 prima
467 3102 635 3161 moventur
658 3093 743 3158 enirn
765 3111 823 3177 per
845 3113 880 3158 se
903 3094 1079 3177 primordia
1101 3115 1227 3162 rerum:

343 3210 417 3274 inde
440 3229 480 3275 ea
503 3227 586 3290 quae
608 3229 708 3292 parvo
731 3215 805 3273 sunt
827 3229 963 3292 corpora
990 3209 1159 3275 conciliatu

269 3346 316 3392 135
344 3331 375 3389 et
397 3323 488 3404 quasi
511 3323 657 3407 proxima
680 3322 818 3388 suntad
841 3323 917 3388 viris
939 3323 1184 3409 principiorum,

342 3438 457 3503 ictibus
479 3437 607 3502 illorum
630 3437 736 3504 caecis
758 3437 887 3521 inpulsa
909 3438 1051 3516 cientur,

341 3555 477 3638 ipsaque
499 3573 655 3636 proporro
677 3553 775 3636 paulo
802 3553 927 3618 maiora
948 3553 1131 3618 lacessunt.

343 3667 389 3732 sic
411 3687 431 3732 a
453 3665 619 3751 principiis
641 3667 786 3731 ascendit
807 3673 912 3731 motus
938 3673 970 3732 et
992 3667 1058 3732 exit

268 3779 276 3794 '
341 3780 497 3864 paulatim
520 3787 646 3846 nostros
669 3779 710 3844 ad
733 3799 866 3859 sensus,
890 3786 925 3844 ut
947 3787 1136 3848 moveantur

270 3918 319 3964 110
344 3895 403 3958 illa
426 3914 572 3979 quoque,
597 3895 730 3962 ineolis
753 3914 837 3976 quse
859 3895 979 3960 lumine
1002 3915 1131 3962 eernere
1153 3897 1280 3979 quimus

343 4029 404 4075 nec
427 4009 542 4091 quibus
563 4009 596 4074 id
619 4009 741 4076 faciant
763 4009 869 4094 plagis
892 4017 1028 4094 apparet
1049 4017 1179 4095 aperta.

385 4125 478 4188 Nunc
501 4143 584 4206 quae
606 4124 766 4189 mobilitas
789 4125 830 4189 sit
852 4123 977 4190 reddita
999 4126 1144 4191 materiai

349 4375 397 4423 112
418 4387 543 4424 memoror
563 4371 576 4442 ll
597 4374 731 4425 simulacre
750 4371 764 4443 ΙΙ
787 4375 835 4424 131
855 4374 1008 4424 conciliata.
1030 4371 1042 4442 Η
1065 4379 1113 4426 136
1133 4377 1250 4441 gientnr.
1271 4375 1285 4444 ΙΙ
1308 4379 1355 4426 lut
1373 4391 1442 4442 porro
