3110 5146
311 386 374 451 394
668 343 671 350 ’
842 385 885 450 vr

312 563 361 622 est
377 579 476 642 praes
498 564 530 622 et
549 557 707 643 praedia.
723 563 854 640 propter
873 555 945 622 Ohr.
963 555 1131 642 lahnium,
1149 561 1204 643 qui
1220 559 1355 626 Heinsio
1379 563 1420 626 ad

313 659 422 725 Ovidii
450 661 667 743 a1·temr,161
697 665 782 724 recte
813 659 1024 742 praecipienti
1052 679 1116 725 non
1140 662 1296 745 credidit,
1313 663 1422 730 obser-

312 763 395 827 vabo
419 762 499 826 haec
521 761 630 826 omnia
652 781 673 826 a
694 762 802 826 verbis
825 762 949 845 primae
964 761 1190 828 declinationis
1214 763 1354 830 deducta
1368 787 1421 831 na

312 871 385 928 tura
407 863 508 946 longa
530 883 622 947 csse,
640 864 763 929 labrem
778 869 811 928 et
826 864 974 930 labellum
988 884 1048 948 pro
1063 883 1143 930 vase
1155 867 1281 950 ,flabra
1292 869 1421 953 ,flebel-
1535 911 1536 934 r

312 967 396 1048 lam,
417 967 596 1048 velabrum,
619 967 846 1048 ventilabrum,
867 966 1083 1048 volutabrum,
1106 967 1351 1053 candelabrum,
1368 971 1421 1037 do-

312 1069 424 1150 labra,
437 1068 624 1149 Dolabella,
641 1068 733 1132 curia
754 1067 904 1150 calabra,
920 1069 1082 1134 amlalra'a
1096 1093 1223 1134 menae.
1241 1071 1282 1136 de
1305 1073 1421 1138 celcris
1535 1131 1536 1144 ,

312 1171 502 1254 interpretes
536 1190 577 1236 ne
607 1169 640 1234 id
674 1168 802 1253 quidem
830 1171 1074 1254 intellexerunt,
1091 1170 1179 1254 qnod
1208 1179 1316 1239 tamen
1346 1181 1422 1241 ante

313 1273 422 1338 omnia
443 1273 662 1357 quaerendum
685 1273 764 1356 fuit,
781 1273 940 1358 apodcsin
961 1273 1104 1357 incipere
1126 1273 1192 1357 ibi,
1208 1277 1288 1341 solio
1310 1277 1347 1342 in
1361 1303 1421 1344 me-

312 1374 365 1440 dio
388 1375 664 1461 quomfaeileflt.
680 1374 713 1439 in
728 1375 852 1459 protasi
868 1381 900 1440 et
917 1376 1056 1462 pssnerir
1072 1382 1214 1442 monstro
1229 1378 1337 1445 simile
1353 1385 1420 1466 est,

312 1495 417 1562 neque
438 1479 471 1542 oi
490 1491 631 1552 cunctere
653 1496 711 1561 per
732 1495 768 1542 se
793 1479 873 1543 satis
896 1485 1062 1561 apertum:
1079 1497 1144 1544 non
1170 1480 1254 1546 enim
1277 1484 1422 1548 cunctari
1535 1541 1536 1566 ,

313 1585 369 1644 aut
395 1581 513 1646 morari
547 1581 579 1644 in
610 1579 727 1645 balneo
759 1579 975 1663 periculosum
1003 1587 1052 1646 est
1078 1580 1174 1665 pleno
1207 1589 1343 1669 venire,
1364 1586 1421 1651 aed
1535 1567 1536 1588 ¹

312 1681 414 1747 lavari
428 1731 436 1748 .
452 1683 600 1748 Lucretio
624 1681 702 1746 nihil
719 1683 868 1748 convenit
889 1682 950 1748 nisi
973 1683 1245 1768 simplicissimum
1268 1693 1303 1752 ct
1324 1688 1422 1772 aptis-

312 1786 428 1850 simum
442 1808 449 1850 :
465 1785 499 1850 id
526 1791 576 1851 est
600 1791 707 1851 aulem
734 1787 880 1870 Denique
906 1787 939 1850 εἰ
961 1785 1077 1852 calidae
1105 1788 1197 1852 etlam
1225 1807 1422 1853 cupersan

315 1890 455 1954 talama
478 1888 609 1954 Plenior
631 1909 674 1976 ar
697 1907 875 1953 navarre.

240 2073 243 2079 Ι
399 1991 471 2057 793.
496 1991 712 2056 Cosornnan
727 2011 771 2054 ar
793 2011 914 2055 runos
931 2011 994 2064 Qnr
1015 2011 1140 2056 morso
1155 2013 1322 2057 nrrrnnn
1339 2015 1422 2059 sna·

313 2115 396 2160 vrr.
414 2095 451 2159 ln
479 2094 539 2158 hoc
565 2113 661 2159 versu
689 2094 961 2179 comparationem
987 2094 1089 2160 morbi
1120 2095 1292 2161 comitialis
1315 2098 1424 2163 inesse

314 2195 516 2262 manifestum
539 2203 608 2262 est.
625 2215 708 2280 quae
731 2197 810 2280 qnia
825 2217 929 2279 neque
952 2197 985 2261 in
1001 2215 1040 2262 eo
1063 2197 1119 2280 qni
1134 2197 1265 2264 luminis
1288 2201 1422 2265 extincti

314 2298 413 2363 odore
436 2300 621 2384 consopitus
645 2305 694 2365 est
720 2319 823 2383 neque
846 2300 879 2363 in
906 2298 1020 2364 ceteris
1043 2300 1096 2382 qni
1121 2299 1172 2366 hic
1194 2309 1424 2368 enumerantur

313 2402 417 2466 locum
430 2399 541 2486 habet,
555 2401 617 2466 nisi
631 2403 663 2466 in
675 2403 777 2484 coqui
789 2403 822 2466 in
834 2401 917 2466 solio
929 2399 1043 2467 caldae
1055 2402 1209 2487 concidit,
1221 2403 1255 2468 in
1266 2423 1335 2486 qna
1347 2404 1424 2470 sede

314 2503 365 2568 lric
380 2522 491 2570 versus
507 2504 712 2590 reponendus
728 2505 769 2569 sit
784 2503 924 2568 dubitari
939 2523 1003 2568 non
1019 2509 1144 2588 potest.
1162 2503 1196 2570 id
1211 2507 1421 2590 interpretum

313 2606 420 2671 nullus
446 2625 488 2672 ne
514 2607 693 2690 suspicatus
721 2605 850 2690 quidem
873 2611 940 2690 est,
956 2625 1062 2691 neque
1091 2607 1190 2672 iidem
1217 2608 1422 2674 emendando

314 2708 484 2790 quicquam
508 2715 756 2793 promoverunt,
772 2714 900 2793 praeter
926 2708 986 2773 hoc
1016 2729 1113 2775 unum
1136 2708 1223 2793 qnod
1245 2711 1422 2778 Lambinus

313 2809 505 2876 Memmiana
529 2811 632 2876 codici
647 2811 823 2876 recentiore
843 2829 939 2876 manu
962 2809 1092 2898 spumae
1107 2811 1305 2896 adscriptum
1321 2814 1421 2880 vidit.

313 2913 434 2998 excipit
445 2913 575 2998 quidem
588 2913 781 2996 Lambinus,
795 2915 854 2999 api
861 2937 990 3000 spumas
997 2963 1005 2996 ,
1018 2933 1084 2978 non
1094 2916 1193 2979 mira.-
1204 2914 1262 2980 scd
1274 2935 1421 3000 spumas,

313 3035 384 3080 cum
402 3015 596 3098 funduntur,
613 3033 668 3081 cur
689 3018 775 3082 mdti
791 3035 856 3081 non
879 3015 997 3081 dixerit
1011 3017 1066 3099 qui
1090 3022 1122 3082 et
1133 3017 1266 3102 femma
1287 3021 1376 3085 mebi
1393 3025 1424 3084 et

312 3121 499 3206 sanquinem
521 3125 553 3184 el
574 3119 744 3204 scopulosis
769 3119 896 3204 olquam
917 3126 950 3182 et
976 3119 1106 3183 einbrem
1130 3125 1161 3183 ct
1188 3119 1295 3184 laticis
1315 3134 1423 3204 pallae

312 3223 398 3286 mitti
409 3221 519 3287 dixit?
535 3222 645 3305 itaque
661 3221 713 3286 hic
734 3240 846 3286 versus
862 3221 909 3286 ita
927 3220 1104 3286 rectissime
1119 3220 1329 3308 formabitur,
1347 3224 1422 3288 Gon-

313 3323 417 3388 cidere
439 3337 467 3389 et
489 3343 638 3387 sennan
661 3343 706 3387 ur
729 3325 790 3410 qul
810 3323 915 3388 morbo
941 3323 1062 3388 mittere
1087 3325 1206 3388 saeuit.
1222 3330 1310 3390 recte
1340 3327 1422 3391 enim

295 3437 457 3510 -Spnmom
476 3427 634 3509 singulari
658 3444 790 3491 numero
804 3473 812 3509 ,
828 3431 864 3490 ut
880 3421 1016 3490 Ovidius
1039 3425 1328 3510 metam.v111‚417
1345 3429 1422 3494 SM·
1535 3421 1536 3424 ,

313 3529 495 3614 dentemque
509 3553 586 3594 novo
601 3553 745 3616 spumam
761 3553 831 3592 cum
845 3527 1141 3614 cappaciaefaodll.
1157 3527 1243 3593 idem
1260 3531 1294 3593 in
1309 3529 1421 3595 eodem

313 3634 375 3696 288
391 3631 531 3697 Fervida
545 3655 615 3696 cam
629 3655 726 3696 rauco
743 3632 822 3696 latos
843 3630 980 3696 stridore
989 3655 1051 3717 per·
1074 3653 1179 3695 armoe
1191 3631 1314 3717 Spuma
1325 3635 1421 3719 flrrr't.

314 3734 494 3800 Columella
509 3733 540 3797 in
557 3733 654 3816 v11,5,
670 3735 708 3798 19
724 3745 752 3799 et
766 3757 910 3818 spumam
926 3732 1087 3820 quondam
1108 3745 1229 3798 tenuem
1243 3736 1343 3801 taetri
1353 3736 1421 3801 edc—

313 3839 361 3902 ris
383 3837 546 3923 eoperpit.
564 3843 596 3900 ct
626 3835 764 3901 observa
786 3837 845 3921 qai
868 3837 969 3900 samir
995 3835 1149 3918 scriptum
1172 3853 1265 3920 esse,
1281 3855 1348 3902 non
1370 3839 1426 3924 φή·

313 3953 461 4021 onerum,
478 3957 519 4004 ne
531 3937 613 4003 sorte
625 3937 725 4002 alium
738 3937 811 4002 huic
823 3937 930 4003 versui
943 3942 974 4002 et
985 3937 1142 4022 aptiorem
1154 3937 1259 4003 locum
1271 3959 1420 4022 quaeras.

398 4041 472 4108 803.
495 4040 604 4120 Quen
629 4061 763 4102 recrea
790 4061 826 4102 ru
854 4059 1160 4123 cennnnnn,urs1
1189 4061 1291 4111 aona
1315 4063 1421 4105 rann·

314 4163 473 4207 carruca
497 4163 611 4206 arra.
636 4143 819 4208 Onelebram
842 4141 1039 4225 quadratus,
1058 4143 1133 4207 itali
1156 4163 1377 4226 aserenon,
1392 4151 1422 4210 et

313 4245 410 4310 iidem
433 4265 584 4316 sonan.
601 4245 762 4328 oblongus
785 4245 889 4328 prima
911 4263 1006 4309 manu
1025 4247 1243 4332 precepimus.

400 4349 471 4414 804.
504 4350 557 4412 Ar
594 4367 666 4411 cun
703 4367 852 4410 unsara
890 4367 1038 4411 nonnus
1075 4366 1258 4411 rnnoanrr
1296 4369 1419 4412 rsnvr-
1535 4363 1536 4374 *

315 4469 520 4532 nssenvrs,
548 4452 630 4514 Tun
667 4471 725 4513 rrr
764 4469 863 4514 onon
899 4471 978 4513 vrur
1014 4469 1163 4512 ennean
1198 4469 1419 4515 uncraarnrs

314 4571 447 4616 rueras
462 4599 468 4615 .
485 4551 670 4632 Quadratus
677 4551 914 4639 fercldofcrvab
927 4577 937 4617 :
952 4552 1020 4618 Ich.
1038 4553 1130 4637 Bapl.
1147 4552 1225 4619 Pina
1239 4552 1339 4620 ‘Haec
1357 4551 1417 4618 duo
