3052 5144
335 449 377 514 32
889 445 905 512 Ι

334 617 415 682 seire
437 615 512 680 licet
533 635 595 679 non
619 633 692 681 esse
714 616 748 680 in
770 615 865 682 rebus
888 637 940 682 ras
961 618 1005 682 ita
1027 617 1165 701 mixtas,

260 755 310 800 000
336 751 444 798 verum
469 730 591 796 semina
613 730 808 796 multimodis
830 732 964 798 inmixta
986 733 1087 797 latere

333 847 501 912 multarum
525 865 627 910 rerum
652 845 685 910 ln
707 847 803 912 rebus
826 847 1006 912 communia
1028 846 1168 912 debent.

374 956 430 1026 ‘At
452 980 551 1046 saepe
574 960 606 1025 in
631 937 755 1044 magnis
777 961 811 1026 tit
835 957 1006 1028 montibus'
1032 960 1139 1044 inquis
1158 955 1207 1026 ‘ut
1228 963 1306 1029 altis

334 1077 501 1142 arboribus
523 1075 629 1141 vicina
652 1077 818 1142 eacumina
841 1097 964 1142 summa
985 1083 1128 1142 terantur

334 1193 494 1266 interae,
517 1190 632 1255 validis
654 1189 762 1257 facere
785 1190 818 1255 id
842 1191 1028 1276 cogentibus
1051 1192 1186 1274 ausbis,

260 1328 310 1374 000
335 1307 438 1372 donec
459 1282 602 1370 flammai
624 1305 782 1372 fulserunt
803 1305 881 1372 flore
905 1313 1013 1372 coorto
1027 1301 1043 1370 .’

335 1421 477 1498 seilicet,
501 1425 532 1486 et
554 1441 619 1486 non
641 1429 690 1486 est
712 1419 806 1506 lignis
829 1427 936 1485 tamen
960 1419 1073 1485 insitus
1094 1419 1200 1502 ignis,

335 1557 444 1600 verum
467 1535 595 1600 semina'
611 1541 686 1600 sunt
707 1534 832 1600 ardoris
854 1535 974 1612 multa,
998 1535 1131 1601 terendo
1161 1537 1165 1546 '

336 1671 418 1734 quae
440 1669 512 1716 curn
535 1649 736 1734 confluxere,
760 1657 870 1716 creant
892 1649 1041 1716 incendia
1063 1651 1175 1716 silvis:

337 1766 423 1850 quod
445 1766 474 1830 si
495 1765 581 1830 facta
603 1763 686 1830 foret
708 1765 799 1830 silvis
821 1765 1011 1830 abscondita
1032 1764 1181 1848 flamma,

261 1901 311 1947 ooo
337 1901 401 1945 non
424 1885 555 1964 possent
577 1879 676 1944 ullum
699 1888 824 1965 tempus
846 1879 981 1946 celarier
1002 1881 1115 1962 ignes,

336 1995 526 2061 conticerent
547 1996 643 2078 volgo
665 1996 783 2072 silvas,
807 1996 939 2062 arbusta
962 2001 1158 2062 cremarent.

336 2110 441 2176 iamne
464 2109 555 2176 rides
578 2110 693 2194 igitur,
717 2110 814 2196 paulo
837 2109 923 2193 quod
945 2109 1085 2176 diximus
1110 2115 1204 2193 ante,

337 2224 501 2308 permagni
525 2225 644 2288 referre
667 2224 780 2290 eadem
803 2224 976 2308 primordia
998 2243 1099 2310 saepe

244 2327 248 2337 ⁸
337 2359 406 2404 curn
431 2337 547 2422 quibus
570 2345 602 2402 et
623 2339 710 2420 quali
732 2340 877 2424 positura
899 2342 1121 2406 contineantur

263 2473 313 2520 010
339 2461 370 2519 ct
393 2473 472 2535 quos
495 2453 577 2518 inter
600 2473 635 2518 se
660 2453 737 2520 dent
758 2463 863 2522 motus
885 2455 1126 2540 accipiantque,

339 2577 436 2650 atque
459 2567 571 2634 eadem
595 2569 691 2654 paulo
714 2571 796 2636 inter
818 2591 854 2637 se
877 2577 998 2636 nrutata
1017 2589 1127 2635 creare

338 2684 432 2766 ignes
454 2690 485 2748 et
505 2683 656 2772 lignum?
680 2706 743 2772 quo
766 2695 860 2770 pacto
883 2686 981 2750 verba
1003 2703 1129 2768 quoque
1153 2685 1224 2768 ipsa

338 2799 477 2864 interae
500 2799 598 2883 paolo
621 2800 748 2864 mutatis
771 2807 845 2865 sunt
867 2800 1053 2874 elementis,

340 2933 409 2978 eum
433 2913 519 2998 ligna
542 2921 636 2996 atque
659 2916 750 2997 ignes
774 2915 924 2980 distincta
947 2933 1025 2980 voce
1049 2920 1214 2980 notemus.

265 3047 314 3094 010
340 3029 477 3110 denique
499 3029 563 3094 iam
587 3049 669 3112 quae
692 3048 826 3112 cumque
847 3029 880 3094 in
902 3029 997 3094 rebus
1020 3029 1123 3094 cernis
1146 3027 1267 3112 apertis

340 3141 367 3208 si
390 3143 457 3208 lieri
480 3165 545 3209 non
567 3165 664 3228 posse
686 3150 800 3228 putas,
825 3143 901 3226 quin
925 3145 1068 3210 materiai

341 3275 475 3340 corpora
498 3259 654 3324 consimili
678 3263 789 3323 natura
812 3260 958 3344 praedita
980 3259 1103 3340 lingas,

338 3373 400 3436 bac
423 3372 547 3437 ratione
570 3374 625 3438 tibi
649 3379 783 3458 pereunt
805 3373 979 3458 primordia
1005 3393 1128 3439 rerum:

338 3487 391 3552 liet
413 3487 457 3550 uti
482 3486 546 3552 risu
568 3489 702 3554 tremulo
725 3509 881 3556 concussa
904 3488 1097 3554 cachinnent

265 3619 315 3666 oro
341 3607 372 3664 et
394 3600 533 3667 lacrimis
556 3602 650 3668 salsis
673 3611 832 3670 umectent
853 3625 910 3670 ora
931 3622 1116 3686 genasque.

383 3717 474 3780 Nunc
496 3736 578 3796 age,
603 3719 688 3798 quod
711 3725 878 3805 superest
900 3737 1059 3799 cognosce
1083 3725 1115 3782 ct
1136 3717 1252 3784 clarius
1274 3723 1371 3787 audi.

341 3851 399 3894 nec
423 3851 472 3894 me
495 3831 590 3895 animi
614 3830 698 3897 fallit
721 3853 814 3916 quarn
837 3833 902 3899 sint
923 3833 1081 3898 obscura:
1105 3833 1162 3898 sed
1185 3835 1250 3898 acri

340 3944 496 4028 percussit
518 3943 626 4029 thyrso
650 3947 756 4012 laudis
779 3967 853 4032 spes
876 3967 994 4028 magna
1017 3967 1121 4012 meum
1144 3969 1199 4014 cor

341 4067 374 4124 et
396 4058 489 4123 simul
511 4059 645 4127 incussit
667 4082 794 4128 suavem
817 4063 860 4128 nri
883 4064 915 4126 in
937 4069 1050 4147 pectus
1072 4083 1212 4129 amorem

342 4330 393 4376 990
412 4327 529 4378 flammae
549 4327 562 4396 Η
583 4329 632 4376 996
647 4327 788 4378 Coofioeret
809 4329 822 4396 ΙΙ
843 4331 893 4376 909
912 4329 1108 4393 contingantur.
1130 4329 1143 4399 11
1164 4333 1213 4380 919
1232 4347 1246 4378 e
1265 4329 1279 4398 Η
1300 4331 1350 4380 ets
1365 4332 1441 4386 llaec
1455 4333 1467 4402 ΙΙ

342 4419 391 4463 919
412 4417 522 4465 taernulo
