3020 5146
563 443 620 507 1111

44 617 87 696 qni
109 615 227 699 possit,
244 635 346 698 neque
369 635 442 680 carn
464 614 618 678 rationem
643 612 778 679 reddere
801 613 913 697 dictis,

43 731 69 792 in
89 747 178 811 quern
201 747 346 812 quaeque
368 730 472 796 locum
497 729 623 794 diverso
646 729 784 793 momine
807 727 956 814 tendat]

79 845 164 909 Nunc
185 864 268 928 age,
285 865 379 926 quam
403 843 502 909 celeri
524 849 612 907 motu
635 843 804 908 simulacra
826 843 989 927 scrantur,

46 969 69 1021 ct
88 979 162 1040 quae
185 959 347 1024 mobilitas
371 959 443 1022 citis
465 958 666 1022 tranantibus
688 977 784 1023 auras

47 1071 154 1137 reddita
177 1073 237 1150 sit,
254 1073 352 1157 longo
375 1073 478 1156 spatio
501 1081 535 1136 ut
559 1071 664 1136 brevis
686 1071 926 1156 herebertum,

47 1186 200 1254 suavidicis
223 1189 331 1273 potius
354 1207 449 1270 qnam
473 1187 579 1252 multis
602 1187 746 1252 versibus
769 1189 882 1270 cdam;
981 1267 987 1278 .

45 1322 144 1384 porrus
164 1309 198 1366 ut
222 1309 274 1368 est
295 1303 388 1388 cycni
412 1302 526 1368 melior
548 1321 665 1383 canor,
681 1301 737 1366 ille
760 1323 873 1383 gruum
898 1323 994 1384 quarn

47 1417 148 1480 clamor
168 1417 200 1481 in
223 1417 378 1485 aetheriis
400 1418 566 1502 dispersus
588 1415 726 1480 nubibus
749 1417 869 1480 austri.

46 1529 180 1616 principio
202 1553 362 1618 persaepe
384 1533 465 1599 levis
488 1552 540 1597 res
563 1538 660 1613 atque
683 1530 812 1595 minutis

47 1646 213 1728 corporibus
237 1646 342 1712 saetas
364 1647 476 1713 celcris
498 1645 667 1711 licet'essc
688 1645 817 1712 videre.

47 1757 145 1840 inquo
168 1760 232 1825 iarn
257 1779 376 1843 genere
399 1767 448 1827 est
470 1761 549 1826 solis
570 1761 626 1824 lus
650 1767 682 1826 et
703 1781 804 1844 vapor
825 1760 895 1825 eius

48 1881 196 1957 propterea
219 1875 299 1957 quia
322 1883 434 1940 eunte
458 1875 567 1959 primis
589 1875 675 1939 iacta
697 1875 845 1948 minutis,

48 2007 113 2066 quae
134 1989 221 2070 quasi
246 1987 405 2054 cuduntur
425 2009 546 2074 perque
568 1989 652 2054 a‘e'ris
674 1989 878 2054 intervallum

49 2121 97 2164 uon
117 2101 264 2166 dubitant
287 2105 422 2170 transire
445 2103 593 2186 sequenti
617 2105 743 2168 concita
764 2105 885 2188 plaga:

53 2217 248 2300 suppeditatur
273 2219 355 2282 enim
380 2217 545 2284 confestim
568 2217 688 2284 lumine
709 2219 837 2302 lumen,

29 2353 37 2390 ‚r
55 2342 77 2390 er
94 2334 171 2411 quasi
194 2333 324 2418 protelo
347 2333 526 2398 stimulatur
547 2332 671 2413 fulgere
692 2331 819 2413 iutgur.

54 2455 242 2532 quapropter
266 2446 440 2513 simulacra
462 2448 534 2532 pari
557 2445 680 2512 ratione
702 2465 835 2512 neccsse
855 2454 906 2512 'est

52 2557 270 2629 inmemorabile
294 2582 350 2647 per
371 2563 507 2648 spatium
530 2568 747 2626 transcurrere
769 2583 864 2646 posse

52 2679 177 2760 tenrporis
200 2680 233 2744 in
258 2685 377 2764 puncto
391 2731 398 2756 ‚
414 2681 550 2763 primunr
574 2677 658 2759 quod
681 2679 816 2762 parvola
839 2697 938 2743 causa

51 2796 87 2850 cst
106 2793 210 2874 procul
234 2813 255 2858 a
278 2799 368 2874 tergo
391 2813 474 2875 quae
496 2792 654 2877 provehat
676 2799 773 2875 atquc
797 2793 977 2876 propellat,

30 2903 146 2973 rdeinde
169 2911 256 2994 quod
281 2909 486 2992 usqueadeo
509 2915 633 2974 textura
655 2907 802 2992 praedita
825 2927 899 2972 rara

51 3021 213 3103 mittuntur,
230 3025 327 3091 facilc
349 3031 384 3088 nt
406 3025 536 3106 quasvis
559 3031 730 3109 penetrare
754 3027 872 3104 queant
893 3041 944 3086 res

50 3146 72 3198 ct
92 3139 174 3220 qnasi
197 3158 390 3224 permanare
412 3157 470 3223 per
492 3140 576 3204 a’e'ris
598 3139 819 3203 intervallum.

50 3261 196 3332 praetcrea
217 3255 247 3320 si
270 3273 353 3336 quae
376 3253 504 3337 penitus
527 3255 718 3339 corpuscula
741 3273 847 3319 rerum

32 3383 80 3427 rcr
99 3368 221 3451 altoque
245 3368 335 3434 foras
357 3368 542 3452 mittuntur,
560 3371 637 3434 solis
661 3369 704 3434 uti
727 3369 782 3432 lux

50 3499 79 3544 ac
98 3503 207 3569 vapor,
224 3484 306 3548 haec
328 3477 443 3567 puncto
467 3488 638 3549 cernuntur
659 3483 752 3568 lapsa
774 3483 837 3548 diei

52 3613 96 3675 per
114 3605 207 3662 totum
234 3599 315 3664 caeli
339 3599 476 3681 spatium
498 3598 678 3688 diffqndere
702 3617 774 3664 sese

52 3727 153 3793 perque
174 3713 286 3779 volare
308 3733 396 3780 marc
419 3733 457 3780 ac
480 3719 582 3780 terras
604 3713 786 3796 circumque
808 3714 934 3795 rigare.

53 3825 112 3903 quid
134 3850 214 3913 quae
237 3836 311 3896 sunt
333 3827 428 3912 igitur
451 3828 517 3894 iam
539 3829 643 3913 prima
664 3829 768 3895 fronte
791 3829 932 3915 parata?

33 3956 108 4003 ·cun
128 3943 284 4009 iaciuntur
306 3949 339 4009 et
360 3943 510 4012 emissum
533 3963 584 4009 res
606 3945 696 4009 nulla
717 3951 879 4026 moratur,

53 4055 120 4132 quod
141 4079 236 4143 super
258 4065 325 4142 cst,
342 4059 395 4124 ubi
418 4065 482 4123 tarn
506 4058 627 4124 volucri
649 4059 777 4126 levitate
800 4055 960 4135 feruntur,

53 4187 139 4246 quone
160 4175 251 4242 rides
274 4173 365 4240 citius
388 4175 506 4240 debere
529 4181 560 4239 et
581 4175 709 4259 longius
730 4175 788 4238 ire-

72 4328 233 4342 ’Ἢ

58 4415 206 4470 libratione
226 4419 239 4488 {q
263 4423 309 4472 179
329 4421 432 4472 numine
450 4420 546 4470 tendit.
567 4417 580 4488 ΙΙ
604 4421 652 4469 178
672 4419 782 4470 seratur.
803 4421 816 4490 Η
837 4419 1054 4480 auunculumque
