3052 5150
638 409 687 474 111
1153 403 1214 470 169

124 609 205 652 nou.
221 588 304 651 'lota
331 583 399 650 iere
425 580 519 647 huius
546 599 659 646 versus
686 581 794 644 littera
820 577 881 643 tuit
903 599 942 662 u,
966 595 1049 661 quae
1072 549 1213 658 excidit,

13 748 17 757 .
123 698 210 777 quote
229 689 262 754 in
286 686 452 773 superiore
475 707 505 749 c:
528 687 614 749 recte
637 682 722 748 enim
744 681 819 747 Itali
842 685 873 746 et
889 680 965 746 olim
980 677 1128 763 impressi
1152 698 1215 742 ao-

13 851 14 860 ,
122 815 208 859 ιιι.
228 791 373 876 imperite
400 792 559 853 corrector
586 784 736 870 quadrati
765 789 797 850 et
823 780 1045 850 Wakefieldus
1071 783 1214 847 nomiae.

14 895 15 952 ἶ
123 915 215 982 neque
236 892 412 960 Lambinus
435 889 582 954 dubitare
604 887 714 954 debuit
736 887 813 972 quin
834 907 898 950 uur
919 877 1094 972 eebe'aapco
1108 885 1216 966 legen·

123 999 186 1064 dnm
202 999 264 1082 sit,
287 991 447 1080 quomodo
464 990 563 1056 dandi
580 1009 657 1056 caso
674 991 892 1075 scriptumest
912 986 946 1051 in
969 985 1051 1051 libro
1075 1006 1117 1069 rr,
1133 985 1215 1049 447.

123 1102 197 1167 allae
217 1101 300 1166 libro
322 1120 344 1182 1,
360 1096 422 1162 687
446 1093 550 1158 intulit
572 1091 729 1158 editorum
744 1090 928 1157 temeritas:
944 1088 1142 1173 exemplaria
1164 1106 1217 1152 re-

122 1211 181 1270 tera
201 1203 281 1284 alli,
303 1217 409 1285 neque
431 1214 566 1280 usquam
588 1195 704 1280 aliter;
726 1211 919 1278 quamquam
942 1191 1027 1258 aliae
1041 1193 1098 1257 *est
1121 1191 1153 1254 iu
1168 1211 1215 1267 ιιι,

121 1307 197 1389 918,
220 1303 279 1370 sed
302 1301 452 1386 genetivo
477 1317 573 1382 casu,
597 1299 647 1363 ate·
667 1295 798 1362 dativo.

194 1407 267 1472 428.
290 1425 363 1468 usu
385 1422 505 1466 acuon
528 1419 759 1464 uonrnrrura
775 1397 975 1462 Porsenna
995 1417 1039 1460 ar
1062 1417 1083 1460 ιι
1106 1408 1218 1460 ramur

122 1531 230 1575 causa
252 1527 365 1571 maora
388 1524 474 1567 rora
489 1523 684 1566 moveras.
701 1503 798 1568 Recto
813 1501 886 1568 Itali
907 1507 939 1567 et
960 1499 1108 1586 impressi
1122 1500 1215 1565 Pres-

121 1627 160 1678 tat
179 1612 246 1679 sive
261 1610 478 1676 Priuerno.
494 1605 552 1672 sed
576 1611 800 1688 argumentum
823 1624 887 1670 uon
910 1609 995 1670 recte
1018 1600 1218 1668 concluditur

121 1716 175 1782 hoc
194 1713 311 1796 modo,
343 1710 471 1776 ‘Anima
493 1709 666 1794 quoniam,
693 1713 728 1772 ut
753 1712 828 1792 pote
850 1707 1018 1791 mobilior,
1041 1703 1216 1770 minoribus

121 1817 278 1884 elementis
306 1819 431 1880 constat
458 1831 554 1897 quam
583 1829 670 1895 aqua
697 1817 729 1875 et
755 1809 874 1876 nebula
903 1815 935 1875 et
961 1808 1087 1891 sumus,
1122 1804 1218 1870 debet

11 1953 12 1972 2
120 1921 210 1986 etiarn
224 1920 291 1985 illis
307 1917 433 1983 facilius
449 1914 583 1980 dissolvi
596 1915 612 1978 .’
636 1915 732 1979 immo
748 1911 918 1978 dicendum
934 1911 997 1976 soit
1011 1911 1076 1995 sic,
1091 1907 1219 1974 ‘Anima

11 2073 12 2076 ,
122 2024 266 2108 quoniam
296 2039 336 2086 ex
363 2017 540 2083 minoribus
564 2015 649 2082 iacta
670 2023 739 2101 est,
763 2015 891 2082 facilius
912 2019 1057 2080 moretur
1079 2011 1217 2094 ideoque

121 2126 241 2192 lucilius
263 2119 478 2188 dissolvitur.⁵
507 2119 631 2185 accedit
653 2117 738 2202 quod
760 2119 925 2184 Lucretius
947 2114 1129 2203 parenthesi
1152 2131 1217 2178 uon

11 2215 12 2224 ¹
119 2230 229 2311 utitur,
256 2225 319 2291 nisi
347 2225 392 2289 ita
418 2229 453 2288 ut
479 2223 522 2287 ad
543 2221 624 2287 iilud
646 2223 749 2308 ipsum
772 2220 857 2288 unde
880 2223 1058 2287 orationem
1080 2215 1219 2283 devertit

12 2399 13 2414 ,
118 2331 237 2413 redcat,
264 2326 326 2393 hoc
347 2325 464 2409 modo,
492 2325 659 2411 Principio
681 2325 829 2410 quoniam
855 2326 980 2390 miltant
1003 2323 1144 2409 Corpora
1165 2343 1217 2385 ree

116 2433 245 2514 multae,
262 2453 320 2494 -:
342 2454 416 2494 nam
437 2451 530 2515 caepe
552 2427 694 2493 videmus
708 2451 767 2490 -:
790 2427 877 2506 Quae
900 2427 1048 2514 quoniam
1060 2425 1168 2511 fluct,
1183 2423 1216 2487 iu

12 2517 13 2520 ¹
116 2535 194 2600 libro
208 2554 249 2614 rr,
265 2531 329 2600 54.
344 2538 379 2596 at
393 2531 443 2597 hic
458 2537 532 2616 post
546 2530 743 2595 interiectam
755 2529 945 2596 sententiam
957 2527 1001 2595 ad
1016 2546 1133 2594 noram
1148 2545 1216 2592 rem

117 2635 335 2721 progreditur,
358 2634 524 2719 Principio
540 2633 689 2719 quoniam
706 2645 826 2698 tecuam
840 2647 982 2698 constare
997 2631 1126 2697 mimatae
1141 2629 1216 2695 Oar-

112 2741 239 2824 pcrtdua
262 2737 358 2802 docui
367 2786 374 2814 ,
399 2759 460 2801 -:
482 2759 556 2800 uam
578 2735 668 2822 lcape
683 2735 854 2801 mobilitate
866 2736 1015 2801 Praestat
1038 2757 1100 2797 —.·
1122 2732 1216 2797 Nam

117 2841 211 2927 iprtar
225 2839 376 2927 quoniam
391 2875 431 2884 —
448 2835 609 2903 discedere
625 2839 747 2903 σενιιὶε.
763 2837 874 2921 itaque
887 2843 922 2902 ut
944 2855 1009 2902 una
1031 2853 1131 2921 opera
1152 2833 1215 2899 duo

117 2943 194 3008 vitia
217 2943 379 3023 eluamus,
403 2939 605 3023 diiungenda
632 2939 735 3005 oratio
765 2947 814 3005 est
836 2945 867 3005 et
889 2939 1043 3026 epodosis
1065 2933 1217 3004 iacienda

116 3043 177 3129 ita,
204 3043 371 3129 Principio
397 3045 546 3128 quoniam
569 3056 689 3108 teaaem
711 3057 853 3108 constare
874 3043 1003 3109 menotio
1026 3039 1216 3128 Corporibus

7 3231 8 3236 ἵ
117 3145 223 3231 dccci,
246 3184 287 3194 —
310 3163 377 3208 ιιιι
399 3145 490 3233 locpe
511 3145 680 3210 mobilitate
701 3145 869 3212 Praestat.

7 3251 8 3274 ¹
196 3251 268 3315 430.
314 3238 457 3326 Qurrra
495 3269 558 3312 aar
591 3268 812 3313 maurannus
844 3270 950 3313 ιιιιιιι·
967 3265 1214 3316 unaunaaoon

6 3367 8 3390 ι
115 3373 330 3416 uovruruu.
346 3351 419 3417 433.
441 3351 527 3416 Nau
548 3371 695 3415 auocat,
717 3373 815 3416 usuc
836 3373 951 3416 nocuo
974 3370 1084 3415 uoars
1107 3368 1215 3412 stmu-

6 3457 7 3544 ζ
115 3475 231 3518 nucea
254 3476 472 3519 capuanae.
490 3455 527 3518 ln
550 3453 648 3538 priori
671 3473 766 3520 versu
788 3461 875 3521 recte
890 3453 1046 3520 Marullus
1061 3464 1215 3518 movetur:

6 3563 8 3610 l
116 3575 187 3622 nara
212 3571 373 3622 moveator
398 3553 573 3623 absurdum
601 3563 669 3623 est.
686 3557 720 3621 iu
748 3558 850 3624 altero
872 3556 1046 3623 Lambinus
1069 3560 1101 3620 et
1122 3553 1217 3620 Bent

6 3659 7 3732 Q
114 3659 193 3725 laius
214 3661 298 3728 Nam
313 3660 432 3748 procul
452 3661 525 3724 lriac
547 3657 661 3744 dubio,
684 3659 805 3726 scilicet
827 3679 867 3726 ex
890 3659 940 3726 his
955 3660 1051 3726 rebus
1066 3657 1216 3724 tenuissi-

115 3763 193 3847 mis,
209 3765 297 3830 nobie
311 3763 485 3829 amrelmo
497 3775 679 3848 peccator,
693 3762 780 3846 quod
796 3763 983 3846 Lucretius,
1000 3763 1026 3827 si
1041 3781 1114 3828 eum
1130 3767 1217 3828 recte

115 3865 206 3946 novi,
228 3867 334 3950 potius
349 3863 409 3930 hoc
424 3861 520 3932 modo
540 3863 693 3946 dixisset,
716 3865 802 3930 Nam
824 3865 918 3932 dabie
936 3865 1053 3952 procat
1072 3867 1148 3931 iaec
1168 3867 1216 3930 s'ta

112 3988 168 4050 per
192 3969 365 4032 anachore
387 3977 567 4053 peractor.
589 3965 647 4032 sed
680 3965 757 4031 mihi
789 3969 870 4034 satie
897 3973 1022 4033 constat
1047 3975 1216 4052 utrumque

115 4087 256 4155 versum,
280 4089 350 4136 curn
374 4073 485 4134 neuter
508 4073 695 4150 argumento
718 4069 891 4155 quicquam
913 4069 1014 4135 addat
1041 4069 1214 4154 ponderis,

114 4169 234 4236 abillo
263 4171 410 4238 studioso
437 4171 555 4236 lectore
578 4168 737 4235 adiectum
760 4191 852 4258 esse,
880 4172 969 4238 ouius
996 4173 1062 4237 iam
1085 4170 1215 4237 fraudes

114 4271 233 4354 aliquot
246 4273 537 4360 deprehendimus,
561 4279 596 4336 ut
610 4273 708 4356 paolo
732 4279 807 4339 auto
829 4293 925 4340 versu
947 4275 1011 4340 412
1033 4280 1065 4340 et
1085 4273 1170 4340 415.
1186 4273 1214 4339 ie

114 4391 183 4438 curn
205 4377 298 4442 sciret
317 4377 350 4441 in
366 4375 427 4441 hac
442 4393 477 4440 re
492 4367 647 4453 εἰδώλοις
667 4375 733 4440 illis
750 4375 878 4460 Epicuri
900 4375 1003 4442 locum
1026 4395 1118 4457 esec,
1142 4379 1216 4458 pod-

115 4474 182 4540 ticis
205 4495 281 4543 suae
304 4477 493 4544 eruditionis
514 4475 646 4542 floribus
669 4479 812 4542 carmina
833 4499 891 4563 per
913 4499 948 4544 se
975 4478 1055 4542 satis
1077 4477 1216 4541 illustria

116 4594 266 4645 exornare
281 4581 422 4666 studuit,
446 4599 516 4645 cum
531 4583 647 4663 potitae
667 4577 920 4647 moderationem
934 4599 1048 4665 parum
1071 4576 1215 4644 animad-

528 4921 556 4959 l

511 4982 524 5005 d

499 5065 506 5083 ι

490 5091 511 5128 l
