3052 5144
315 459 359 528 20
869 451 885 518 1

241 651 291 697 aas
318 628 500 696 distinctum
524 627 672 710 ‹puortiam
696 646 757 692 nee
778 626 907 712 plenum
931 625 1055 692 naviter
1077 633 1164 692 extat

317 763 375 809 nco
398 765 493 830 porro
516 763 670 820 vacuum,
694 748 767 807 sunt
790 761 866 826 crgo
889 761 1024 827 corpora
1047 749 1154 824 certa,

318 877 401 941 quae
424 857 561 942 spatium
584 859 680 943 pleno
703 857 827 943 possint
849 856 1046 938 distinguere
1068 857 1187 922 inane.

318 971 398 1038 hacc
421 993 523 1055 neque
546 971 678 1038 dissolui
701 972 807 1057 plagis
830 972 1025 1036 extrinsecus
1047 971 1111 1036 icta

317 1094 470 1171 possunt,
494 1105 552 1151 nco
574 1107 668 1170 porro
693 1088 818 1172 penitus
840 1093 1006 1170 penetrata
1028 1087 1128 1152 retexi

243 1221 294 1268 555
318 1221 378 1266 nec
402 1201 524 1267 ratione
548 1209 666 1284 queunt
687 1202 752 1267 alia
773 1209 926 1286 temptata
948 1202 1078 1278 labarc;

318 1315 351 1381 id
374 1316 545 1400 quodiam
568 1337 666 1402 snpra
687 1317 743 1380 tibi
766 1317 862 1401 paolo
886 1315 1081 1382 ostendimus
1103 1321 1197 1380 ante.

320 1451 393 1496 nam
416 1451 519 1514 neque
541 1431 659 1498 conlidi
683 1431 751 1497 sinc
773 1431 860 1496 inani
883 1451 980 1515 posse
1002 1431 1125 1496 videtur

319 1547 487 1628 quicquam
510 1564 569 1611 nec
591 1545 696 1630 frangi
720 1566 779 1611 nee
800 1544 877 1610 lindi
901 1547 931 1609 in
956 1545 1029 1609 bina
1052 1543 1212 1627 secando,
1297 1615 1298 1620 ἵ

318 1681 378 1728 nec
400 1681 516 1746 sapere
539 1681 680 1726 errrorem
704 1679 805 1742 neque
827 1661 902 1726 item
925 1660 1085 1725 manabile
1112 1657 1212 1743 frigus

244 1799 294 1846 555
319 1797 379 1842 nec
400 1777 598 1861 penetralem
622 1775 747 1858 ignem,
772 1775 886 1857 quibus
908 1776 1017 1840 onmia
1039 1774 1265 1840 conficiuntur:

320 1896 351 1955 et
373 1911 434 1972 quo
459 1909 605 1972 (paceque
628 1891 731 1971 magis
754 1890 881 1956 cohibet
905 1911 955 1956 res
978 1869 1062 1954 intus
1084 1889 1200 1964 istanc,

319 2011 385 2069 tam
407 2005 512 2084 magis
536 2003 585 2070 bis
608 2005 702 2070 rebus
726 2005 853 2090 penitas
875 2013 1030 2091 terrrptata
1053 2005 1206 2070 labascit.

320 2139 395 2201 ergo
420 2119 447 2184 si
469 2119 573 2184 solida
596 2141 634 2186 ac
656 2121 725 2186 sine
747 2121 833 2186 inani
857 2141 992 2205 corpora
1015 2121 1117 2205 prima

320 2241 393 2300 sunt
415 2234 459 2298 ita
482 2233 526 2297 uti
549 2234 663 2311 docui,
687 2235 750 2299 sint
773 2236 854 2301 baec
876 2243 1008 2301 aeterna
1031 2240 1211 2300 necessest.

245 2369 296 2415 sao
320 2356 488 2434 practerea
511 2348 572 2413 nisi
595 2348 744 2414 materies
767 2359 897 2416 aeterna
920 2352 1049 2428 l'aisset,

322 2471 397 2529 ante
421 2463 482 2530 hac
505 2463 548 2528 ad
573 2462 669 2526 nilum
691 2464 817 2548 penitus
841 2485 891 2532 res
913 2485 1057 2548 ‹puaeque
1079 2464 1256 2540 redissent,

320 2579 361 2644 de
385 2579 515 2660 niloque
539 2587 650 2644 renata
673 2579 778 2644 forent
800 2599 882 2662 quac
906 2601 1039 2664 cunique
1062 2579 1225 2645 videmus.

320 2703 352 2758 at
374 2694 523 2776 «moniam
547 2713 645 2778 snpra
667 2693 759 2759 docui
784 2695 829 2760 nil
853 2715 946 2779 posse
969 2695 1070 2760 creari

320 2807 360 2872 de
383 2809 446 2872 nilo
471 2827 573 2890 neque
597 2809 683 2890 ‹pstod
705 2811 846 2891 genitum
870 2811 982 2874 estad
1005 2811 1047 2874 nil
1072 2809 1235 2892 revocari,

245 2945 296 2991 545
322 2943 394 2989 esse
417 2923 586 2988 immortali
610 2923 785 3008 primordia
808 2945 941 3008 corpore
963 2925 1100 3001 debent,

320 3039 452 3105 dissolui
476 3059 538 3120 quo
562 3059 707 3122 quaeque
729 3059 877 3124 supremo
900 3049 1042 3126 tempore
1069 3039 1213 3124 possint,

319 3155 469 3219 trraterics
490 3161 524 3218 ut
546 3155 728 3238 subpeditet
751 3156 845 3220 rebus
868 3155 1080 3240 reparandis.

319 3277 392 3334 sunt
414 3267 509 3352 igitur
531 3269 636 3336 solida
659 3269 835 3354 primordia
862 3271 1087 3355 simplicitate,

321 3403 379 3450 nec
402 3385 524 3450 ratione
548 3393 665 3466 queunt
687 3385 754 3450 alia
776 3391 903 3450 seranta
926 3405 984 3470 per
1005 3405 1116 3450 aevom

245 3521 296 3566 550
321 3520 361 3564 ex
384 3498 505 3564 infinito
528 3499 593 3564 iam
616 3505 760 3586 tempore
784 3521 834 3565 res
858 3519 1028 3584 reparare.

364 3613 512 3696 Denique
534 3615 561 3680 sl
586 3615 704 3680 nullam
728 3615 820 3681 finem
845 3621 958 3680 natura
980 3619 1129 3699 parasset

320 3727 509 3810 frangendis
533 3730 645 3814 rebus,
668 3731 731 3794 iam
755 3751 890 3816 corpora
912 3728 1059 3794 materiai

320 3865 420 3927 usqne
443 3844 574 3909 redacta
596 3844 699 3910 forent
719 3865 800 3910 aevo
824 3846 989 3926 frangente
1010 3843 1136 3927 priore,

319 3969 352 4023 ut
374 3959 419 4023 nil
443 3979 481 4024 ex
505 3959 570 4024 illis
593 3979 614 4024 a
635 3969 721 4026 certo
745 3967 888 4044 temporo
911 3965 1021 4044 posset

245 4095 294 4140 555
321 4083 508 4160 conceptum
530 4094 654 4141 surnma
676 4075 790 4140 aetatis
812 4075 988 4159 pervadere
1010 4071 1102 4137 finis.

324 4241 391 4246 ——
401 4241 523 4249 .....-.

321 4345 369 4391 :aas
391 4357 473 4405 poena
493 4337 506 4409 ΙΙ
527 4341 614 4391 inani.
635 4341 649 4409 Η
669 4345 720 4392 533
740 4341 812 4390 saladi
834 4339 847 4408 ll
868 4343 918 4389 542
938 4351 1010 4390 rante
1030 4337 1044 4408 Η
1069 4343 1119 4389 sibl
1139 4339 1276 4390 anama-iss.
1298 4341 1311 4406 ll
1335 4341 1387 4388 bbtl
1412 4341 1454 4390 fo·

321 4441 376 4478 rem
398 4429 409 4494 ,l
432 4434 482 4478 abb
501 4445 626 4478 sunrmnnr
