2996 5148
631 390 647 454 l
1155 392 1196 458 21

102 559 181 622 corre
194 559 284 642 moti,
311 559 480 625 Memmius
495 558 689 643 (Lambinus
705 560 937 644 Memmecda),
955 574 983 626 et
997 575 1025 627 te
1040 561 1197 628 Semotum

99 664 217 728 owni
238 661 351 728 adhibe
361 687 372 746 ,·
395 661 483 747 quod
499 667 548 728 est
562 661 675 728 durum
698 667 731 728 et
753 663 953 746 quaesitum.
969 664 1046 730 mihi
1069 665 1197 732 verissi-

100 785 174 829 mum
194 763 363 830 videbatur
385 772 436 848 et,
459 763 579 848 nequid
602 763 820 848 dissimulem,
843 765 949 832 adhuc
971 767 1062 833 unice
1084 772 1196 853 aptum

99 867 215 934 ridetur
228 891 346 934 vacuas
360 870 452 934 curis
466 888 711 952 ssrnonooe,
727 887 812 952 age,
833 869 982 953 Memmi,
1005 869 1161 936 semorum
1176 895 1197 937 o

97 973 174 1036 curris
188 969 301 1036 odhr'bc
319 995 425 1038 veram
448 971 493 1036 ad
512 973 686 1037 rationein.
702 971 829 1036 interim
845 971 983 1037 Iacobus
998 972 1196 1059 Bernaysius

97 1094 160 1139 cum
181 1072 394 1140 sVeronensi
409 1075 582 1160 interprete
597 1073 733 1158 Vergilii
756 1073 799 1140 ad
822 1075 996 1168 georgicon
1018 1096 1074 1161 111,
1098 1076 1196 1142 3Lu·

97 1177 185 1242 cretio
200 1175 281 1242 hoec
295 1175 398 1242 verba
412 1175 552 1243 adscribi
574 1175 730 1261 vidisset,
754 1200 871 1243 vacuos
886 1201 980 1244 aures
995 1180 1196 1266 coenumque

96 1298 279 1362 stercen,
303 1297 344 1344 ea
358 1280 476 1345 rectius
492 1279 535 1345 sd
551 1278 658 1364 operis
681 1279 808 1344 initium
830 1279 942 1346 referri
965 1281 1077 1346 statuit
1098 1299 1195 1364 quem

95 1382 131 1448 sd
145 1383 259 1448 librum
275 1401 328 1464 ιν,
344 1380 427 1466 912,
451 1381 506 1448 ubi
522 1389 571 1448 est
588 1383 636 1448 Tu
649 1384 731 1448 meti
743 1382 787 1448 dc
804 1384 905 1448 tooure
921 1405 1017 1448 aoros
1041 1383 1195 1450 cosmum-

94 1511 147 1572 que
159 1508 327 1572 capacem,
350 1503 414 1549 non
429 1509 567 1550 cocum.
586 1485 635 1550 cui
652 1484 745 1551 docto
761 1485 830 1551 viro
846 1491 881 1549 ut
895 1504 959 1551 non
973 1503 1107 1570 possum
1122 1503 1195 1551 con·

94 1596 137 1653 tre
151 1587 278 1671 dicere,
301 1587 350 1652 its
363 1587 461 1652 miror
475 1587 611 1654 cundem
630 1586 665 1652 id
687 1604 753 1652 uon
767 1587 909 1672 vidisse,
933 1586 1041 1672 quod,
1064 1588 1091 1654 ei
1113 1587 1195 1654 illud

93 1711 194 1758 rerum
217 1690 281 1774 sit,
305 1689 488 1756 necessario
504 1695 738 1774 consequatur,
760 1695 796 1754 ut
817 1697 892 1757 ente
908 1690 966 1757 hos
981 1709 1115 1777 versus,
1138 1692 1194 1758 ubi

93 1794 245 1860 emblema
266 1791 308 1857 ab
332 1791 392 1856 lroc
414 1791 485 1859 loeo
507 1792 649 1857 alienum
672 1791 936 1878 repudiavimus,
959 1811 1038 1859 vero
1054 1793 1194 1860 Lucretii

91 1897 184 1962 rerba
204 1893 379 1982 perierint:
403 1914 478 1961 nom
493 1902 528 1960 ut
541 1901 639 1981 poeta
654 1915 675 1961 s
689 1895 815 1960 Venere
835 1896 1015 1962 orationem
1038 1895 1080 1963 ad
1097 1895 1193 1962 liem-

91 2001 181 2065 nium
206 2019 249 2064 ne
277 1997 407 2065 nomine
434 1996 564 2082 quidem
586 1997 784 2084 appellatum
807 1997 991 2066 deflecteret
1013 1995 1081 2065 lieri
1104 1997 1194 2064 nullo

90 2102 178 2168 nodo
202 2102 329 2188 potuit.

166 2207 219 2274 5‘1.
245 2203 381 2284 Quove
408 2225 535 2269 nnosrr
556 2223 724 2269 uuueon.
744 2202 840 2289 Apud
863 2202 1039 2289 Senecam,
1067 2202 1121 2288 qui
1143 2201 1194 2268 his

89 2315 235 2392 qucdnor
267 2307 414 2374 versibus
441 2309 558 2393 utitur,
593 2308 626 2372 in
653 2307 795 2391 epistula
819 2327 902 2391 xcv,
931 2307 1059 2393 Quoque
1085 2304 1194 2372 eaden

88 2437 196 2479 t'tti'ffl
207 2461 216 2477 .

167 2517 221 2582 66.
244 2534 434 2578 nosrsnrs
450 2533 619 2578 renense
639 2497 785 2578 conre's
800 2511 874 2577 lter
897 2532 1042 2576 coenos
1065 2533 1193 2578 susos.

89 2617 174 2697 Quae
196 2618 258 2684 hos
280 2635 393 2684 versus
415 2614 633 2704 praecedunt,
657 2635 767 2681 eornm
789 2621 881 2698 purte
897 2615 1024 2681 Nonius
1046 2634 1123 2682 usus
1146 2621 1195 2682 est

89 2741 115 2804 p.
130 2704 214 2806 314,
232 2721 274 2786 rs
290 2725 322 2786 st
336 2719 419 2806 ero,
438 2721 497 2804 13,
513 2720 589 2785 rom
604 2739 635 2803 p.
651 2718 731 2801 ser,
757 2719 795 2802 1,
819 2719 993 2803 arripare
1008 2717 1194 2784 couneus

89 2823 319 2890 institutionum
331 2843 387 2900 m,
404 2823 444 2890 27
458 2871 466 2905 ,
485 2823 526 2889 10
540 2823 605 2907 itu,
622 2823 710 2901 Quae
724 2843 790 2886 cese
805 2819 889 2886 cocti
899 2821 1080 2906 ropionibus
1095 2833 1193 2886 osterr-

89 2925 186 2990 eoas.
209 2925 258 2991 sic
273 2931 360 2991 certe
375 2925 420 2991 ibi
436 2924 534 2991 editio
550 2926 675 2992 Veneto
690 2922 766 2988 enni
791 2923 872 2988 1471
897 2928 929 2986 et
944 2919 1194 2988 Rostookeensis

90 3027 185 3112 1476,
210 3029 288 3094 item
311 3028 413 3095 codex
435 3047 520 3094 nuno
542 3024 760 3093 Berolinensis
783 3023 1015 3109 (incolcet),
1040 3025 1116 3090 olim
1138 3025 1194 3089 Er·

89 3127 257 3215 fortensis,
273 3131 409 3216 scriptus
424 3151 509 3198 enno
528 3130 609 3196 1468
623 3152 630 3194 ε
647 3148 722 3194 nom
734 3127 799 3193 duo
814 3127 893 3213 alii,
909 3128 962 3212 qni
976 3127 1050 3193 olim
1066 3127 1196 3192 luerunt

88 3231 207 3298 ‘domus
231 3233 372 3322 gloriose
387 3233 522 3318 virginis
538 3231 639 3299 Meris
661 3231 695 3296 in
711 3231 937 3297 Evertnolusen
961 3230 1084 3296 ordinis
1099 3247 1194 3295 conc·

88 3335 227 3400 nieorum
260 3335 456 3419 regularium
481 3333 694 3402 'treverensis
727 3332 874 3404 diocesis’
899 3333 1030 3416 (eorum
1058 3332 1194 3398 alterurn

88 3436 201 3518 (theol.
217 3437 302 3521 277)
324 3437 496 3525 descripsit
523 3455 563 3504 ex
585 3437 687 3502 altero
710 3435 812 3521 (266)
834 3433 1024 3500 ‘Anthonius
1047 3434 1130 3501 Reid
1153 3434 1194 3501 de

88 3537 282 3607 Selmenroir
304 3559 390 3607 anno
416 3541 545 3624 1469’),
572 3540 595 3604 ii
622 3557 752 3605 versum
774 3538 822 3604 sic
843 3538 1000 3623 scripturn
1022 3537 1193 3622 exhibent,

89 3644 143 3726 qui
152 3667 187 3708 se
196 3643 260 3708 oeli
270 3644 451 3730 ropionibus
462 3643 645 3708 ostentavit.
662 3641 863 3725 ineptissime
875 3640 1008 3706 Servius
1023 3639 1066 3706 ed
1080 3640 1194 3706 Aenei-

89 3743 144 3810 dos
153 3766 233 3830 vm,
251 3746 310 3811 187
324 3759 380 3812 out
391 3745 560 3812 secondum
570 3745 753 3810 Luceium
764 3745 945 3829 superstitio
957 3755 1002 3808 cst
1012 3757 1193 3830 superstan-

89 3849 161 3914 tium
176 3873 303 3932 rernm,
326 3848 364 3914 id
373 3861 417 3915 cst
431 3849 612 3914 caelestium
627 3859 655 3912 et
671 3845 873 3928 divolsarum,
893 3845 930 3911 id
944 3858 988 3912 est
1004 3869 1084 3932 quoe
1099 3869 1195 3932 super

89 3973 141 4014 uos
162 3963 267 4034 stant,
289 3952 396 4016 iecori
411 3964 439 4018 cc
453 3951 630 4038 superfluus
652 3950 762 4014 ιαὀηον.
779 3967 862 4032 quse
884 3947 1122 4032 exscripserunt
1136 3946 1194 4014 lsi-

90 4049 185 4118 dorus
201 4053 358 4136 originum
369 4073 443 4137 rm,
460 4055 497 4136 3,
515 4055 532 4118 ”l
551 4059 582 4119 ct
595 4051 708 4117 tertius
724 4049 978 4136 mythogrcphus
992 4050 1056 4114 Mai
1071 4071 1102 4134 p.
1117 4049 1194 4115 184.

91 4151 139 4218 hic
160 4173 238 4220 vero
259 4156 386 4222 Nonius
407 4177 439 4242 p.
454 4157 538 4240 411,
565 4155 606 4238 2,
634 4153 689 4218 ubi
712 4152 838 4219 undem
863 4172 960 4235 quom
982 4153 1073 4218 vario
1096 4151 1194 4216 modo

90 4252 212 4321 dicetur
223 4257 377 4342 ostendit,
389 4258 533 4324 mortales
544 4255 669 4322 tendere
681 4269 792 4322 contra
803 4255 863 4318 Est
872 4255 977 4320 oculos
989 4279 1087 4320 ocsus
1099 4279 1108 4318 :
1121 4253 1195 4320 libri

92 4359 189 4423 nostri
215 4359 340 4426 wilere.
356 4359 468 4426 horum
495 4365 662 4440 utrumque
684 4357 861 4424 rectissime
890 4355 1008 4422 hebere
1031 4355 1194 4421 Bentleius

95 4458 229 4524 ostendit
241 4461 282 4527 sd
297 4462 464 4529 Horatium
480 4481 583 4527 cerm.
600 4481 629 4541 r,
645 4459 682 4540 3,
701 4459 739 4524 18
756 4465 787 4523 et
802 4459 902 4543 epist.
918 4481 945 4544 1,
966 4461 998 4542 1,
1015 4457 1075 4541 28,
1091 4474 1196 4539 neque

95 4557 235 4650 Philippo
242 4567 404 4654 Weguero
414 4563 652 4632 concedendum
663 4565 738 4648 puto
748 4559 834 4646 quod
845 4559 924 4626 dicit
931 4561 973 4626 ad
982 4557 1143 4624 Aeneidos
1155 4577 1193 4640 11,
