3020 5146
587 513 633 576 ¹llI

60 702 122 747 esse
143 683 265 747 animos
288 682 473 778 animasque
496 681 576 747 levis
597 687 632 746 ut
653 699 786 746 noscere
809 681 933 766 possis,

59 795 227 878 conquisita
250 795 303 859 diu
327 795 475 878 dulcique
498 800 624 880 reperta
646 795 759 860 labore

19 931 40 976 n
61 909 148 994 digna
170 915 224 973 tua
246 929 380 994 pergam
405 911 575 995 disponere
599 910 739 975 carmina
762 929 857 974 eura.

61 1031 88 1086 tn
107 1024 154 1088 lec
175 1033 343 1106 utrumque
366 1026 420 1088 uni
444 1024 619 1106 subiungas
641 1044 755 1089 nomen
781 1043 909 1108 eorum,

61 1145 143 1219 alque
166 1139 306 1204 enimam
330 1139 417 1204 verbi
441 1159 540 1204 eausa
563 1159 634 1202 cum
657 1139 762 1203 dicere
785 1157 939 1222 pergam,

61 1253 211 1316 mortalem
235 1273 309 1318 esse
331 1252 470 1331 docens,
487 1251 626 1316 oninium
651 1272 776 1333 quoque
799 1252 904 1318 dicere
929 1253 1063 1339 eredas,

61 1385 115 1445 qna
135 1375 226 1431 tenus
249 1375 298 1432 est
320 1387 415 1430 unum
438 1367 520 1431 inter
543 1385 577 1431 se
601 1367 830 1448 coniunctaque
854 1389 905 1434 res
927 1376 995 1434 est,
1020 1349 1032 1367 ’

19 1497 39 1544 n
59 1481 201 1565 principio
226 1482 377 1562 quoniam
401 1487 526 1545 tenuem
551 1487 699 1546 constare
720 1482 848 1548 minutis

60 1595 234 1676 corporibus
257 1595 350 1660 docui
374 1595 537 1676 multoque
559 1596 734 1661 minoribns
759 1617 830 1661 esse

59 1707 209 1792 principiis
232 1709 351 1772 iactam
369 1729 468 1791 quam
491 1711 630 1791 liquidus
653 1731 743 1776 umor
765 1713 862 1793 aquai

59 1827 106 1884 eut
125 1823 244 1888 nebula
267 1829 320 1886 aut
341 1823 466 1908 sumne,
483 1825 548 1888 iam
572 1827 666 1907 longe
688 1827 866 1890 mobilitate

59 1944 189 2017 praestat
211 1943 246 2003 et
268 1957 288 2001 a
310 1941 396 2003 tenui
421 1959 517 2006 causa
540 1942 642 2022 magis
664 1941 729 2005 icta
751 1948 912 2005 movetur.

19 2069 40 2114 rr
62 2051 134 2131 qnod
154 2073 259 2135 genus
283 2060 350 2130 est,
367 2055 488 2118 somnis
510 2055 604 2139 sopiti
627 2055 679 2118 nbi
703 2054 862 2120 cernimus
886 2055 950 2118 alte

64 2166 175 2231 exulare
198 2169 355 2251 vaporem
378 2169 494 2233 alteria
517 2169 663 2251 ferreque
686 2169 826 2233 fumum.

19 2297 48 2340 m
67 2299 131 2344 nunc
148 2281 249 2363 igitur
272 2283 421 2363 qnoniam
446 2285 604 2366 quassatis
626 2283 768 2364 undique
791 2283 878 2347 vasis

65 2391 191 2461 diffluere
216 2415 360 2460 umorem
384 2403 416 2463 et
437 2399 563 2463 laticem
586 2397 751 2463 discedere
775 2399 897 2482 oemio,

63 2513 88 2570 ct
106 2511 219 2576 nebula
244 2531 282 2575 ac
305 2509 411 2577 funins
434 2515 583 2594 qnoniam
608 2513 743 2578 discedit
764 2512 796 2575 in
820 2531 934 2595 aurae,

63 2623 142 2689 crede
164 2627 306 2690 animam
332 2647 459 2708 quoqne
482 2626 616 2692 diffundi
639 2627 803 2708 multoque
827 2627 932 2711 perire

62 2738 137 2802 ‹eius
159 2745 190 2804 et
211 2741 305 2806 citius
327 2741 459 2806 dissolvi
482 2743 514 2805 in
538 2761 673 2826 corpore
696 2741 819 2825 prima,

61 2871 121 2916 rum
143 2855 243 2920 sernel
267 2875 306 2919 ex
329 2855 467 2921 bominis
489 2855 638 2921 membris
662 2856 771 2920 ablato
794 2856 944 2920 recessit:

19 2983 41 3024 r·
62 2965 167 3050 quippe
191 2970 311 3034 etenim
334 2991 468 3055 eorpus,
485 2969 570 3052 quod
593 2991 649 3035 ves
673 2971 763 3052 quasi
788 2973 926 3036 constitit
949 2971 1037 3055 eins,

61 3100 143 3160 quam
166 3083 318 3148 cohibere
340 3084 451 3164 nequit
473 3093 717 3166 conquassatum
742 3105 780 3149 ex
805 3086 913 3168 aliqua
934 3105 968 3151 re

62 3213 94 3258 ac
115 3199 302 3263 rarefactum
326 3197 469 3262 detracto
493 3198 647 3280 sangnine
670 3199 779 3282 venis,

60 3315 124 3373 abre
147 3313 200 3394 qni
224 3313 339 3378 credas
361 3331 456 3395 posse
479 3311 562 3376 hanc
585 3312 765 3378 cohiberier
786 3315 880 3379 ullo?

61 3441 183 3508 corpore
206 3428 261 3509 qui
285 3435 392 3493 nostro
416 3447 506 3491 rarus
529 3429 680 3512 magieis
704 3428 901 3494 cohibcssit?

19 3551 40 3594 rt
99 3541 266 3606 Praeterea
288 3540 376 3625 gigni
400 3542 519 3624 pariter
541 3561 610 3606 enm
635 3561 768 3626 corpore
791 3550 822 3607 et
844 3543 925 3607 una*

61 3671 193 3720 creseere
217 3656 370 3720 sentimus
392 3657 573 3738 pariterque
596 3675 763 3722 senescere
787 3665 943 3722 mentem.

61 3785 126 3830 nam
148 3771 198 3836 vel
222 3776 257 3834 ut
278 3770 401 3834 inlinno
424 3771 514 3854 pueri
536 3777 710 3853 teneroque
733 3778 889 3856 vagantur

62 3899 206 3964 corpore,
222 3883 267 3949 sic
291 3884 387 3948 animi
411 3886 553 3967 sequitur
574 3887 733 3952 sententia
754 3888 875 3952 tenvis:

89 4082 251 4092 ----·-—-⁶

64 4209 110 4259 421)
127 4211 195 4262 rim.
212 4211 230 4283 ΙΙ
253 4219 302 4265 421
323 4231 374 4266 uno
397 4213 410 4284 ΙΙ
430 4231 505 4267 nome
530 4213 542 4285 Η
567 4219 618 4267 428
636 4232 695 4266 nam
720 4214 734 4285 ll
758 4219 808 4268 429
827 4217 942 4268 Prcstntn
967 4215 979 4286 Η
1004 4219 1054 4268 430
1074 4218 1173 4283 Quippe

63 4296 101 4342 nbi
119 4299 273 4364 imaginibus
291 4303 354 4352 fumi
373 4305 530 4366 nebulaeque
548 4313 695 4354 moventur.
729 4303 742 4372 Η
775 4309 822 4354 431
850 4306 876 4352 in
900 4305 994 4354 somnis
1023 4303 1037 4373 Η
1065 4307 1133 4355 nlre.
1158 4303 1172 4374 ΙΙ

64 4383 108 4431 433
132 4401 225 4449 sopore
252 4385 265 4456 Η
294 4391 345 4440 433
371 4389 435 4440 Num
459 4393 547 4454 procul
571 4389 633 4440 baec
658 4393 735 4440 dubio
759 4392 832 4440 nobis
854 4393 990 4441 sirunlncrn
1012 4401 1134 4454 genrntnr
1159 4393 1172 4462 Η

64 4471 108 4516 rer
127 4472 224 4523 Credeo
245 4473 258 4543 Η
278 4477 429 4542 caliopius
449 4475 463 4546 ΙΙ
483 4482 529 4527 441
553 4479 616 4528 Cmn
638 4477 651 4546 Η
672 4483 723 4527 444
743 4481 767 4527 in
787 4479 942 4529 cobibescit.
