3096 5142
671 397 716 463 iv
1188 397 1251 465 255

145 565 238 633 tando
253 567 439 634 addendum
454 577 563 636 censet
578 617 586 634 .
602 587 661 634 uos
682 575 829 634 neutrum
844 587 1014 652 sequemur
1029 618 1037 654 ,
1054 568 1112 636 sed
1135 568 1252 637 sariba-

144 689 209 736 mus
231 668 319 755 quod
340 671 434 737 nniee
456 669 499 736 ad
521 690 588 738 rem
611 669 711 756 sarit,
724 670 815 758 forte
836 691 1007 738 snossu.

224 773 298 838 754.
330 793 481 836 unsrun
514 794 635 838 srurnr
666 793 831 837 asrronn
863 794 1008 839 rroram
1039 773 1116 838 Pau
1147 795 1251 840 suru-

144 895 259 940 sacan
274 893 446 958 nnonurr,
462 896 626 961 oaruns,
642 897 715 948 oon
729 896 843 939 rinus
855 893 978 948 saona
994 926 1002 961 ,
1019 877 1097 942 Nnc
1118 897 1251 963 ursos,

145 998 254 1043 ooonr
274 980 400 1049 sroirr
416 1024 425 1042 .
441 978 493 1043 lta
513 977 594 1044 haee
611 978 770 1062 Forbigor
784 977 951 1064 distinxit,
967 984 1073 1046 mente
1094 986 1201 1058 mota,
1217 987 1253 1046 ut

143 1081 307 1168 suspioor,
329 1099 388 1166 per
406 1080 536 1147 leonum
554 1080 749 1148 simulaora.
769 1099 896 1147 versum
918 1087 1026 1147 autem
1041 1099 1100 1148 suo
1119 1080 1190 1147 looo
1205 1082 1251 1147 in·

143 1184 239 1250 eisum
261 1202 328 1248 non
350 1202 423 1249 esse
444 1183 531 1250 idem
552 1203 595 1250 uo
613 1183 840 1250 animadvertit
854 1180 1004 1268 quidem,
1020 1181 1171 1250 mirifieus
1187 1204 1252 1250 ma-

143 1287 262 1372 gister,
285 1285 347 1365 Qui
370 1285 458 1352 solus
480 1285 560 1369 legit
582 1304 621 1351 ae
643 1287 722 1352 iaoit
743 1291 879 1370 politas,
901 1285 957 1368 qui
980 1283 1022 1373 ad
1044 1285 1159 1351 librum
1176 1287 1253 1367 rot

142 1388 199 1454 sibi
226 1387 378 1455 ‘breviter
404 1389 725 1455 oommemorandum’
749 1387 842 1453 duxit
867 1385 909 1452 ‘in
937 1387 1085 1453 Lueretio
1101 1393 1118 1472 ,'
1131 1393 1166 1454 ut
1188 1409 1252 1454 om·

141 1491 215 1555 nino
235 1490 394 1575 plurimos
415 1509 530 1557 versus
551 1490 636 1556 male
659 1489 853 1576 oompositos
869 1539 877 1576 ,
893 1489 941 1554 sio
957 1489 1053 1555 etiam
1077 1492 1252 1576 permultos

142 1591 300 1676 inveniri,
324 1611 384 1658 neo
405 1592 523 1678 tertio,
546 1611 606 1659 neo
631 1598 746 1677 quarto
773 1591 857 1677 pede
883 1591 1059 1674 legitimam
1085 1611 1252 1660 oaesuram

141 1693 317 1762 referentes
329 1695 347 1779 ,’
365 1692 408 1760 ad
423 1693 484 1760 hoa
498 1695 655 1780 exemplis
676 1714 755 1761 usus
777 1694 870 1760 huius
891 1694 979 1760 modi
995 1743 1003 1780 ,
1019 1693 1201 1760 Reddenda
1217 1697 1253 1761 io

139 1799 258 1865 ratione
277 1796 284 1883 Ι
303 1819 413 1862 nouare
432 1795 438 1880 Ι
456 1810 485 1862 et
506 1798 627 1863 aornim
646 1820 780 1880 rerum,
803 1795 891 1876 Quid
909 1810 1042 1883 nequeat
1056 1797 1155 1883 finito
1175 1797 1180 1881 Ι
1196 1821 1252 1885 po·

141 1912 230 1966 testor
252 1899 390 1986 denque
409 1900 545 1986 eatque,
563 1917 633 1965 oum
654 1906 765 1986 posset
786 1899 884 1985 paulo
907 1899 1030 1966 maiora
1052 1917 1123 1965 oum
1145 1900 1253 1984 speeie

141 2009 193 2068 aut
212 2000 573 2070 librirrvarsnm1059
595 2001 724 2068 adferre
747 2007 804 2066 aut
824 2020 865 2066 sa
887 2000 928 2068 de
950 2001 1066 2084 quibus
1088 2000 1194 2067 diram
1209 2000 1253 2067 ad

140 2125 181 2190 rr,
194 2105 275 2172 1067
295 2152 303 2167 .
326 2101 454 2170 saniore
481 2103 601 2170 iudiaio
624 2103 778 2169 Marullus
805 2103 933 2188 scripsit
953 2125 997 2167 nr
1018 2117 1142 2188 odora,
1166 2103 1251 2188 quod

140 2206 317 2273 Lambinus
332 2210 364 2270 at
378 2203 598 2273 Wakefieldus
613 2251 622 2288 ,
638 2205 748 2272 omnia
761 2223 914 2290 perverse
929 2205 1130 2292 interpretati
1145 2253 1153 2289 ,
1173 2205 1252 2271 reio

142 2317 273 2375 rerunt.
295 2327 360 2373 non
382 2307 462 2373 libet
483 2327 592 2373 eorum
615 2313 796 2375 sommanta
815 2313 965 2374 exentera
982 2357 990 2394 ,
1007 2327 1078 2374 aum
1100 2327 1141 2373 ne
1162 2307 1252 2373 dubi-

11 2415 12 2418 ’
140 2411 270 2478 andum
294 2409 423 2494 quidem
444 2409 486 2475 sit
507 2409 586 2493 quin
608 2409 689 2476 haee
711 2411 756 2476 ita
774 2409 985 2496 oonaipienda
1006 2411 1071 2476 siut
1086 2458 1094 2474 .
1110 2410 1199 2478 Scire
1214 2410 1252 2476 ts·-

141 2529 184 2580 oet
203 2525 337 2580 mentera
358 2511 461 2577 umuli
478 2514 600 2578 retrorsa
620 2515 741 2578 moveri
751 2561 760 2595 ,
775 2511 841 2578 Par
858 2513 1033 2578 adsumo
1053 2532 1202 2577 saonam
1224 2525 1253 2578 et

141 2629 240 2682 estora
255 2638 339 2704 quae
353 2611 439 2679 milet
451 2637 550 2701 oeque
564 2615 631 2680 Neo
644 2615 750 2680 miuus
764 2635 887 2686 arona
905 2635 1041 2680 ooosr.
1061 2633 1137 2680 uam
1151 2614 1253 2682 verba

140 2723 303 2802 postrema
323 2716 385 2781 hoe
406 2713 519 2780 ordine
540 2714 711 2782 soribsuda
733 2735 806 2782 esse
826 2716 901 2782 Itali
924 2716 988 2782 iam
1010 2715 1180 2783 viderunt.

222 2821 299 2886 760.
321 2839 366 2884 ur
382 2837 577 2880 vrorrsuou
592 2839 759 2882 osannae
780 2838 855 2882 surr
877 2839 950 2890 oua
971 2819 1144 2884 Runnrrs
1163 2837 1251 2881 vrrs

140 2942 203 2985 rnrr
218 2943 317 2986 uoss
332 2942 375 2984 nr
391 2940 511 2984 nanus
525 2939 727 2985 rorrrssr.
743 2919 817 2986 Itali
833 2927 865 2986 et
876 2919 1031 2985 Marullus
1046 2943 1116 2985 earo
1130 2938 1251 2989 ausu.

140 3023 238 3090 iidem
260 3023 347 3089 male
367 3023 473 3088 arod.
495 3019 754 3107 Haveruampum
777 3029 810 3089 et
830 3021 1066 3089 Wakefieldum
1088 3039 1161 3086 oum
1184 3020 1252 3084 suis

140 3144 202 3190 non
223 3125 343 3211 puduit
362 3144 402 3191 ex
424 3121 554 3190 reddata
570 3122 744 3209 Plautino,
760 3125 847 3210 quod
861 3125 971 3191 media
985 3122 1076 3189 brevi
1091 3129 1140 3189 est
1155 3171 1163 3207 ,
1179 3141 1252 3208 por-

140 3231 260 3292 tentum
283 3225 374 3292 verbi
396 3224 541 3308 lingere,
564 3224 650 3291 uude
672 3225 763 3293 lieret
787 3227 914 3293 reddito
940 3224 1049 3291 media
1073 3223 1252 3309 produota.

141 3327 324 3395 Gronovius
346 3325 389 3393 ad
412 3327 555 3394 Senecae
571 3325 730 3414 Oedipum
750 3330 811 3395 271
834 3328 975 3395 Reddita
995 3317 1161 3394 vitei'r'om
1182 3351 1252 3394 sors

98 3431 105 3452 '
136 3433 237 3516 potita
266 3444 310 3497 est
328 3479 348 3530 ,q
361 3435 505 3495 oontorte
533 3435 566 3495 st
592 3429 784 3517 inproprie.
807 3430 1088 3502 seribendumest
1113 3429 1253 3497 Reddsta

140 3553 208 3598 rso
230 3535 300 3598 vito
321 3533 387 3597 r'om
407 3554 511 3596 mors.

224 3635 298 3701 766.
322 3633 576 3698 Patansana.
600 3631 783 3711 Quadratus
806 3635 999 3722 Propterea.

224 3736 299 3802 766.
332 3755 467 3800 rrorrrrs
499 3755 657 3806 arrrourr
690 3757 884 3801 rorrruu.
911 3736 1080 3809 Larrourr
1113 3736 1186 3802 Itali
1220 3743 1253 3803 et

140 3837 309 3924 impressi.

225 3939 409 4005 777-817,
439 3937 651 4012 Montanus
679 3963 715 4006 rs
744 3964 805 4007 urs
834 3962 952 4006 assus
980 3962 1251 4014 ousanusruu.

141 4041 229 4108 Haeo
250 4061 378 4126 quoque
399 4090 408 4118 ‚
430 4047 466 4107 ut
487 4061 526 4107 ea
548 4062 631 4126 quaa
653 4045 752 4130 paulo
775 4049 851 4110 ante
872 4043 1146 4112 consideravimus
1167 4046 1250 4132 706,

141 4143 288 4210 Lucretio
322 4143 512 4226 dignissima
544 4152 646 4231 sunt,
673 4166 738 4212 uon
771 4147 1000 4232 interpolatore
1031 4166 1127 4230 quam
1160 4145 1253 4230 fingit

142 4245 317 4329 l'orbigsr:
332 4243 391 4311 ssd
414 4243 528 4312 eadem
550 4267 656 4332 usqne
678 4267 716 4314 eo
735 4249 870 4314 oonsilio
892 4249 1014 4334 saripta
1034 4255 1129 4334 suut,
1144 4257 1181 4315 ut
1203 4269 1251 4315 oe

141 4348 218 4414 teris
245 4348 292 4414 ita
316 4353 353 4413 ut
379 4346 498 4441 fautum
521 4357 570 4414 est
591 4351 830 4435 insererentur,
853 4369 958 4435 neque
980 4351 1047 4416 ullo
1070 4351 1133 4417 alio
1156 4351 1250 4416 huius

140 4450 300 4534 potmatis
322 4451 393 4515 loeo
416 4450 529 4535 reponi
555 4458 713 4537 possunt.
736 4471 811 4518 nam
838 4453 974 4538 primum
1002 4451 1082 4518 haee
1105 4457 1251 4536 noeptam
1348 4507 1352 4518 .

141 4551 390 4638 disputationem
417 4553 671 4639 interrumpunt,
693 4560 727 4620 ut
752 4556 851 4620 leator
878 4574 1017 4620 aversa
1039 4555 1101 4623 776
1123 4553 1166 4620 ad
1188 4555 1251 4620 816
