3036 5150
310 392 354 458 40
880 388 895 454 1

311 583 434 626 unsar.
452 559 656 642 Quadratus,
686 557 845 641 schedae,
874 565 1033 622 corrector
1059 558 1211 643 oblongi,
1242 557 1396 638 Marullus,

311 685 453 736 nourr:
470 662 630 728 Antonius
655 661 748 726 Marii
777 667 809 726 et
835 661 912 726 olim
935 660 1084 745 impressi
1107 685 1283 746 aquaram.
1297 657 1398 726 deiude
1493 715 1494 726 ,

311 767 469 833 Marullus
496 765 574 829 roei
592 769 624 828 et
646 763 744 848 paulo
766 762 884 830 rectius
906 760 1130 828 Wakefieldus
1157 784 1304 846 suxrsr,
1324 761 1399 845 quod
1493 757 1494 816 l

311 871 381 956 ipse
401 870 510 953 inepte
532 865 662 950 scripsit
683 867 760 930 comi
779 879 843 932 eet.
860 865 1011 947 genetivo
1026 870 1133 929 autem
1156 884 1237 951 opus
1258 873 1323 948 est,
1342 864 1401 930 sire
1494 934 1495 950 ,

311 995 470 1058 aquarum
485 969 662 1036 scribamus
677 966 747 1033 sire
761 968 881 1054 opaci:
904 985 980 1032 nam
1000 965 1041 1031 de
1056 966 1174 1034 dativis
1189 969 1223 1033 in
1239 970 1276 1033 oi
1286 967 1402 1052 disylla-
1494 953 1495 986 ¹

311 1075 376 1140 bon
405 1071 594 1139 exeuntibus
625 1089 730 1153 nugas
761 1075 895 1134 namant
924 1069 1125 1152 grammatici
1152 1075 1315 1154 petitarum
1338 1089 1404 1134 usus

312 1175 438 1259 ignari.
454 1173 505 1240 his
520 1180 628 1240 tamen
651 1170 809 1256 imperitis
831 1171 860 1236 is
875 1171 1138 1237 annumerandus
1160 1179 1210 1238 est
1231 1173 1285 1256 qui
1306 1172 1405 1238 lorum

312 1297 462 1344 vemuum
478 1275 613 1342 alterum
628 1274 724 1340 lecit:
748 1273 777 1338 is
792 1273 898 1357 enim,
914 1275 943 1339 si
958 1275 1139 1357 elegantias
1156 1273 1365 1358 Wakefieldi,
1379 1280 1408 1338 ut

312 1399 373 1466 par
395 1385 465 1462 est,
493 1377 662 1460 reicimus,
690 1395 755 1442 non
778 1376 943 1461 procedit,
967 1377 1030 1442 nisi
1051 1378 1085 1442 in
1106 1377 1216 1460 priore
1238 1378 1335 1443 dativi
1354 1377 1408 1442 sint

312 1483 403 1548 eoem
425 1483 499 1568 iper·
517 1481 620 1567 aqooi
629 1525 637 1542 .
653 1497 847 1563 quamquam
862 1479 925 1546 iste
939 1478 1034 1544 huius
1049 1479 1198 1545 versiculi
1214 1499 1350 1565 parens,
1370 1479 1407 1544 ie

312 1590 378 1650 tum
401 1603 495 1650 sunm
517 1582 693 1668 proiecisse
715 1585 903 1663 contentos,
926 1600 967 1646 ne
987 1580 1179 1647 emendasse
1192 1582 1322 1666 quidem
1336 1581 1408 1668 prio

312 1706 379 1752 rem
402 1686 445 1752 ad
468 1691 605 1752 mentem
622 1703 712 1750 suam
729 1682 877 1766 videtur,
901 1689 957 1748 aut
978 1689 1064 1749 certe
1086 1683 1120 1748 in
1142 1686 1216 1770 cipue·
1234 1686 1265 1752 ei
1287 1705 1348 1750 uon
1361 1702 1409 1768 pa·

312 1795 445 1855 merant
470 1787 616 1854 librarii.
637 1805 698 1851 nos
724 1804 802 1850 rero
829 1785 913 1852 hunc
937 1785 1090 1850 lectorem
1116 1785 1330 1871 importunum
1354 1786 1409 1850 ian

311 1891 481 1974 novimus,
508 1891 564 1973 qui
591 1909 662 1954 cum
689 1907 788 1972 supra
810 1888 874 1954 334
894 1888 1042 1954 Lucretio
1068 1888 1102 1952 in
1124 1886 1308 1954 deliniendo
1333 1889 1409 1954 inani

313 1993 414 2060 houm
429 1995 581 2058 intactum
602 1991 736 2075 largitus
752 1996 857 2074 esset,
881 1989 1016 2054 eandem
1036 2008 1103 2056 rem
1123 1989 1175 2056 hio
1190 1992 1305 2058 iterum
1324 1993 1410 2058 incul-

313 2097 420 2178 cavit,
445 2096 477 2160 in
494 2115 558 2179 quo
573 2094 668 2160 simul
684 2092 874 2158 ostendisse
896 2097 952 2158 aut
965 2093 1170 2176 peregrinum
1194 2112 1269 2160 esse
1290 2103 1345 2160 aut
1363 2113 1411 2180 pa·

304 2201 382 2264 ‘rum
400 2198 584 2283 percepisse
599 2197 731 2278 linguae
746 2195 882 2260 Latinae
897 2195 1082 2279 ingenium.
1099 2214 1173 2260 nam
1188 2198 1326 2264 rotamur
1336 2205 1412 2264 recto

312 2320 411 2385 amu,
428 2306 464 2365 ut
478 2318 537 2384 pro
549 2298 750 2365 substantivo
766 2299 827 2382 sit,
842 2297 956 2364 Latine
972 2297 1036 2362 dici
1051 2315 1116 2362 non
1128 2304 1255 2384 potest,
1271 2300 1410 2384 quoniam

311 2403 407 2469 huius
429 2401 516 2468 modi
532 2400 738 2486 participalia
752 2418 823 2464 cum
847 2402 882 2465 in
903 2399 1057 2482 negativo
1080 2401 1253 2468 coniuncta
1274 2423 1338 2469 uon
1358 2402 1412 2467 uisi

310 2527 408 2572 unum
421 2525 530 2571 casum
541 2502 719 2586 recipiunt,
735 2503 880 2586 iniusso,
896 2503 1037 2585 coculla,
1053 2503 1252 2588 inconsulto,
1269 2507 1412 2572 invocata

310 2610 423 2675 horum
446 2612 609 2693 postremo
632 2603 751 2670 Fronto
780 2625 859 2670 usus
886 2611 936 2670 est
962 2625 993 2688 p.
1013 2605 1073 2670 172
1096 2603 1171 2670 edit.
1194 2606 1309 2691 Rom,
1332 2607 1414 2674 cuius

310 2711 411 2778 verba
422 2708 555 2792 subieci,
568 2713 603 2774 ut
613 2704 996 2789 emendatalegerentur.
1013 2707 1067 2770 Aa
1087 2731 1158 2772 com
1173 2707 1283 2781 iudom
1298 2709 1412 2796 quodem

313 2827 342 2880 ct
356 2811 461 2879 stecdio
477 2811 668 2897 inoestiporc
682 2810 777 2874 verbu
792 2809 949 2896 elepuotiu
960 2808 1118 2894 prohibes,
1130 2809 1239 2876 eodem
1251 2837 1324 2878 oero
1334 2811 1412 2878 eiad

310 2928 358 2980 tro
371 2915 405 2980 si
413 2915 539 2979 introeo
551 2925 646 2998 utque
656 2913 802 2977 rirvocutu
813 2935 879 2976 mco
890 2911 1040 2992 venerint,
1055 2923 1090 2974 at
1100 2911 1283 2980 Moechum
1298 2915 1343 2980 od
1351 2937 1413 3001 epa·

310 3017 360 3082 lus
371 3064 380 3098 ,
396 3016 523 3081 interim
538 3013 663 3100 quidem
674 3015 779 3100 recipi
787 3013 899 3078 sabee?
913 3011 1027 3096 scripsi
1040 3012 1126 3078 enim
1139 3015 1267 3082 iareim
1279 3017 1410 3104 quidem.

308 3118 370 3184 hoc
384 3123 434 3184 est
447 3116 624 3202 tantisper,
649 3115 704 3182 ubi
720 3117 753 3180 in
769 3114 880 3182 codice
901 3114 1002 3180 icrtm
1023 3133 1095 3180 esse
1116 3119 1259 3182 venerim
1275 3119 1411 3206 quiden.

308 3219 350 3284 ab
363 3219 403 3285 iis
414 3218 609 3304 monoptotis
620 3238 706 3303 quae
718 3218 788 3285 dixi
799 3239 864 3284 uon
876 3215 976 3284 valde
988 3215 1142 3282 differunt
1152 3217 1251 3304 haec,
1264 3222 1412 3300 commta,

308 3322 465 3404 indebito,
481 3323 694 3406 inceperam,
709 3322 930 3407 inauspicato,
945 3319 1109 3403 totostoto,
1124 3321 1306 3407 cimpcrcto,
1321 3322 1411 3408 inopi·

307 3435 402 3505 aoto,
418 3423 593 3489 iacoccauito
607 3473 616 3507 ,
631 3424 812 3510 inproviso,
828 3421 1028 3509 cuempioroto
1040 3471 1050 3505 ,
1061 3423 1303 3510 inpraepedito.
1320 3423 1412 3492 inille

307 3525 418 3610 priore
429 3531 537 3590 mmen
549 3544 669 3607 genere
681 3525 808 3590 livium
821 3523 943 3590 dixisse
953 3525 1066 3590 volunt
1077 3525 1110 3590 in
1120 3547 1195 3609 nnn,
1213 3527 1260 3610 12,
1275 3529 1294 3594 7
1299 3553 1361 3616 per
1370 3527 1411 3591 ie·

307 3627 440 3711 eudem,
454 3647 518 3711 quo
529 3627 601 3692 loeo
613 3628 816 3712 aptissimum
830 3633 947 3713 estpcr
957 3626 1115 3692 indultam
1127 3651 1166 3694 oc
1175 3630 1413 3718 neplcpeutiom:

307 3735 396 3796 recto
420 3749 498 3796 casu
521 3731 735 3816 interpolator
759 3735 870 3794 noster
891 3727 1103 3813 philosophus
1125 3749 1204 3796 usus
1226 3739 1277 3798 est
1297 3731 1399 3798 solus.

391 3832 465 3900 455.
488 3851 707 3896 recusares
741 3851 978 3902 nrvrsuous.
999 3830 1167 3899 Ourreetor
1197 3834 1329 3919 oblongi
1361 3853 1411 3895 nr-

307 3955 536 4008 vrrrsnous.

389 4038 463 4104 458.
484 4057 631 4103 svsuro
659 4056 829 4102 vocsnn.
856 4035 948 4101 Idem
979 4055 1152 4102 svssrs.
1178 4039 1284 4106 locum
1312 4036 1410 4124 proxi·

305 4158 413 4224 mum,
443 4139 497 4224 qui
527 4147 576 4206 est
597 4139 639 4206 de
661 4145 827 4225 tempore,
849 4136 1010 4222 siguificat
1032 4139 1163 4206 Servius
1185 4141 1229 4207 ad
1255 4138 1411 4208 Aeneidos

305 4241 676 4327 m,5870tv11,37·

389 4343 464 4412 467.
508 4367 653 4409 nvssrs
669 4365 825 4409 russin.
841 4344 911 4410 Hoe
926 4361 966 4408 ex
982 4364 1187 4430 runnuur,
1210 4367 1280 4410 usu
1303 4342 1410 4412 litteris

304 4448 472 4532 angustius
485 4447 660 4514 contractis
674 4447 815 4532 scripto,
833 4447 930 4512 facile
945 4447 1036 4512 nasci
1051 4448 1174 4532 potuit,
1191 4457 1224 4514 et
1228 4451 1365 4536 famei
1379 4445 1409 4508 in

303 4549 431 4618 schedis
463 4569 535 4616 esse
569 4549 694 4618 Gudius
729 4549 1042 4634 Henrichseniusque
1077 4557 1261 4618 testantur.
1285 4551 1331 4616 ita
1363 4545 1409 4612 hic
