2996 5148
623 396 639 460 1
1147 401 1184 466 17

95 564 240 648 lepriimris,
252 588 273 628 a
283 577 402 629 natura
413 589 534 630 aroana
547 565 687 652 quadam
698 569 820 633 ratione
832 567 995 653 drbpoeitie
1006 593 1018 651 ,·
1028 583 1063 635 at
1073 583 1188 637 tractat

92 666 261 747 metas,
273 666 332 752 qui
336 665 415 730 dicit
420 669 573 732 rationem
583 669 664 733 barto
676 694 716 736 eoo
723 671 859 735 aetherto
868 671 972 736 calore
980 669 1183 738 descendere.

167 768 224 833 11.
245 768 296 832 llr
311 789 507 832 nnsnarrs
524 791 636 834 v1ann
652 793 894 836 onnrrsnrrrs
910 793 1007 836 snus
1023 794 1185 842 nsvour.

91 869 170 934 Hune
194 889 321 936 versum
347 871 462 940 litteris
491 872 671 940 uncialibus
701 874 853 959 seriptum
881 873 1041 958 oblongus
1068 876 1184 961 habet,

91 972 140 1036 sed
159 977 357 1056 atramento3
383 994 513 1040 nemum
536 996 668 1042 numero
690 977 775 1060 411,
798 977 869 1040 Hoc
891 977 968 1060 a'bi,
991 977 1106 1044 litteris
1129 1001 1186 1046 nn-

11 1143 12 1148 ,
90 1073 212 1140 cialibus
234 1075 363 1142 rubrica
390 1077 711 1164 praeoperantem
738 1085 846 1145 autom
876 1084 1004 1144 veteres
1031 1083 1187 1148 membra-

90 1195 160 1260 nae,
183 1177 345 1243 Antonius
368 1179 482 1260 Marii,
507 1180 684 1247 Brixiensis
707 1181 822 1265 editio,
847 1181 1002 1247 Marullus
1016 1205 1023 1247 :
1037 1185 1188 1270 penitalr‘e

91 1277 273 1344 Veronensis
305 1280 404 1346 editio
434 1289 466 1346 et
493 1283 647 1350 Veneta.
670 1284 730 1349 hoo
762 1283 958 1369 typographi
992 1285 1188 1354 Veronensis

90 1388 243 1464 peeoatnm
267 1381 490 1450 Wakefieldus
512 1404 582 1452 oum
605 1386 638 1450 in
661 1385 830 1452 Vossianis
853 1405 925 1452 esse
948 1385 1044 1472 dioit,
1067 1389 1187 1456 Haren-

11 1461 13 1490 ⁸
90 1484 183 1570 campi
205 1483 335 1550 silentio
358 1505 422 1550 non
445 1494 530 1553 reete
553 1487 715 1554 intellecto
742 1487 864 1554 fallitur
885 1494 920 1553 ut
940 1487 1056 1554 homo:
1076 1492 1187 1558 Forbi·

89 1587 148 1668 geri
162 1585 388 1670 neglegentiae
403 1590 500 1654 venia
515 1588 625 1654 danda
640 1609 704 1655 non
720 1597 788 1675 est,
810 1590 865 1673 qui
889 1611 961 1656 enm
983 1611 1043 1658 sua
1065 1613 1105 1659 ax
1127 1595 1185 1660 ali-

89 1707 170 1754 emm
181 1689 272 1756 libris
284 1691 466 1777 exscribat,
483 1690 622 1758 debebat
637 1693 720 1758 seire
732 1693 818 1758 unde
832 1699 940 1760 essent
950 1695 1164 1763 exscribenda
1177 1745 1185 1760 .

88 1792 136 1856 sed
157 1792 214 1858 ille
236 1793 297 1857 hoo
315 1793 436 1876 agebat
450 1801 486 1859 ut
501 1794 622 1860 Gitanii
639 1802 671 1860 et
685 1795 860 1861 Abrahami
875 1797 1021 1880 Preigeri
1038 1801 1186 1884 exemplo

88 1914 188 1960 versus
203 1895 431 1961 immodulatos
447 1895 520 1962 huie
535 1903 651 1982 potitae
665 1896 865 1980 adtingeret.
881 1897 984 1964 Ennio
1008 1899 1092 1964 enim
1115 1920 1186 1966 oum

87 1998 217 2063 tlittera
238 2003 371 2082 propter
399 1997 549 2064 duritiem
577 2001 611 2064 in
639 1998 702 2064 fine
723 1999 953 2066 vooabulorum
976 2000 1108 2084 aneipiti
1130 2021 1187 2080 na,-

87 2105 149 2164 tnra
163 2117 237 2164 esse
252 2098 416 2165 videretur
432 2100 574 2185 (dioebat
589 2103 693 2187 enim,
710 2109 808 2187 puto,
825 2101 911 2189 qaod
924 2102 962 2168 id
974 2103 1063 2168 baad
1075 2103 1109 2168 in
1125 2103 1187 2171 fine

11 2245 12 2248 =
87 2223 157 2268 sono
173 2202 376 2286 lenissimo),
399 2202 472 2268 huie
493 2223 572 2270 sane
587 2204 677 2270 lieuit
692 2204 772 2270 bueo
787 2205 946 2289 seribere,
962 2205 1038 2291 laste
1051 2229 1069 2270 o
1084 2207 1186 2292 eires,

85 2319 146 2372 ater
157 2318 237 2371 esset
246 2305 454 2391 e‘adaperator
465 2355 474 2388 ,
489 2331 632 2374 remores
637 2309 775 2394 ponebat
785 2321 857 2372 arete
872 2307 1003 2373 salutem
1016 2331 1026 2372 .·
1041 2307 1099 2374 sed
1113 2317 1188 2394 post

85 2407 215 2472 llnninm
238 2427 344 2490 nequo
366 2407 478 2474 Oioero
501 2408 534 2472 in
556 2428 669 2475 versus
692 2409 832 2493 speeiem
855 2407 986 2494 ineidit,
1010 2429 1082 2476 oum
1106 2412 1188 2477 dixit

85 2511 113 2574 in
126 2503 307 2576 Miloniana
319 2509 363 2576 54
378 2523 480 2576 tamen
495 2526 664 2598 appareret
678 2525 747 2578 ater
770 2525 847 2578 esset
867 2511 1058 2596 insidiator,
1081 2533 1187 2597 neque

86 2619 194 2696 poetae
215 2613 280 2678 illis
302 2611 422 2678 similia
443 2619 498 2678 ant
519 2613 553 2678 in
569 2627 580 2678 r
595 2614 703 2680 littera
724 2623 780 2680 ant
801 2613 835 2678 in
859 2615 973 2680 ceteris
996 2616 1068 2682 ausi
1091 2624 1187 2682 sunt.

86 2715 164 2799 apud
181 2715 321 2781 Nonium
336 2733 367 2800 p.
383 2715 467 2798 449,
483 2715 523 2779 31
540 2715 655 2781 Luoilii
678 2736 790 2782 versus
813 2715 859 2780 ita
881 2716 1017 2801 seriptns
1041 2725 1108 2800 est,
1133 2719 1187 2784 Irr-

11 2899 12 2904 ,
88 2830 219 2900 tremat,
240 2817 389 2882 mbram
398 2867 407 2900 ,
429 2830 541 2883 earrtar
556 2820 662 2884 mnam
676 2843 825 2903 aorema5
847 2819 903 2883 ubi
918 2819 1087 2885 verissime
1103 2819 1188 2886 docti

11 2987 13 3004 ,
88 2933 151 2984 erat
163 2943 293 2984 rursum
308 2922 414 2984 omnia
425 2943 550 2984 veroum
563 2967 570 2983 .
583 2919 617 2984 in
629 2919 755 2986 Horatii
768 2921 945 2987 earminum
957 2942 1003 3003 111,
1015 2921 1046 3004 5,
1061 2923 1098 2987 17
1112 2922 1188 2987 mihi

88 3021 206 3086 udatur
221 3021 426 3087 scribendum
445 3041 517 3088 esse
530 3023 571 3090 si
582 3046 644 3088 aaa
652 3025 780 3109 perires
791 3024 1038 3106 inmiserabilis,
1055 3024 1190 3111 Captiva

86 3125 175 3208 prebes
184 3173 193 3206 ,
209 3143 275 3190 non
286 3125 408 3210 pers'ret
421 3148 431 3188 .·
446 3122 507 3190 boe
522 3125 607 3190 enim
622 3126 763 3192 vocativi
774 3145 876 3208 genus
888 3127 994 3212 politis
1009 3145 1109 3211 saepe
1125 3146 1189 3194 res·

89 3223 256 3291 tituendum
281 3233 350 3310 est,
375 3232 410 3290 nt
431 3225 553 3292 Sereno
577 3228 746 3296 Samonieo
760 3228 844 3313 533,
869 3226 1021 3315 Quodque
1043 3232 1106 3296 tatis
1127 3255 1188 3297 me-

89 3325 145 3392 lias
158 3330 260 3394 verbm
275 3328 434 3411 dicernat,
456 3329 595 3412 Horati,
616 3330 670 3396 ubl
695 3331 792 3414 vulgo
808 3329 927 3413 legitur
942 3331 1096 3417 Quodque
1110 3336 1190 3400 sata

88 3431 209 3496 melem.
225 3431 394 3497 Lueretius
410 3451 608 3516 veronaque
623 3433 712 3499 illam
728 3433 823 3498 Ennii
840 3451 945 3514 neque
969 3433 1066 3498 aliam
1090 3435 1190 3502 ullam

90 3529 118 3594 in
132 3533 277 3600 versibus
293 3533 454 3617 lingendis
470 3535 633 3600 lieentiam
649 3535 799 3618 admisit,
815 3537 894 3618 sed,
919 3535 1005 3617 quod
1021 3541 1188 3620 poetarum

11 3633 12 3644 ’
90 3636 201 3700 maeuii
217 3634 260 3700 ab
276 3636 356 3701 urbe
371 3635 501 3702 condita
516 3639 642 3722 septimi
656 3640 822 3725 proprium
839 3643 906 3721 est,
929 3637 1037 3702 omnia
1059 3639 1102 3705 ad
1125 3660 1189 3708 oer-

90 3739 136 3800 tae
156 3739 289 3820 regulae
312 3741 421 3822 exegit
442 3741 667 3824 severitatem,
694 3760 716 3806 a
741 3761 806 3824 qua
833 3741 956 3824 primus
978 3739 1090 3829 Maro,
1118 3764 1188 3810 oum

11 3831 12 3906 Ϊ
91 3837 222 3906 studeret
244 3842 429 3924 elegantiae
451 3849 482 3906 et
504 3841 732 3927 concinnitati,
761 3844 892 3928 paulum
916 3843 1063 3911 remisit.
1091 3866 1190 3929 quam

11 3995 13 4030 ,
92 3939 128 4004 ob
146 3961 210 4008 rem
229 3961 356 4008 summa
374 3962 478 4028 nuper
492 3943 566 4008 huio
581 3949 697 4028 pottae
712 3965 732 4010 a
747 3945 918 4010 Theodoro
934 3945 1097 4032 Bergkio,
1119 3951 1190 4016 viro

11 4121 12 4132 ,
93 4038 285 4129 doctissimo,
302 4045 391 4110 taeta
405 4045 524 4110 iniuria
538 4051 607 4129 est,
624 4066 694 4111 oum
710 4066 782 4113 eum
798 4054 963 4132 tamquam
978 4049 1117 4117 Ennium
1133 4053 1191 4118 ali·

11 4169 12 4176 ¹
92 4160 176 4222 quem
190 4149 317 4233 inperio
332 4149 525 4231 marimum
546 4161 614 4214 orte
629 4149 740 4216 rodem
756 4149 856 4216 fuisse
872 4150 974 4214 dixit.
996 4149 1056 4218 hoe
1071 4173 1113 4219 ne
1128 4155 1191 4221 Ho-

11 4259 12 4262 ’
94 4246 183 4314 ratius
197 4248 327 4332 quidem
342 4255 399 4316 ant
413 4249 569 4334 Ovidius,
585 4251 733 4333 quamvis
748 4252 838 4318 illam
861 4251 986 4319 dulcem
1009 4259 1042 4318 et
1057 4274 1192 4338 gravem

96 4361 158 4412 oum
179 4358 293 4416 ornatu
315 4353 409 4436 quasi
431 4353 573 4418 oratorio
596 4353 832 4437 simplieitatem
855 4363 1125 4442 aspernarentur,
1143 4359 1190 4424 di-

97 4465 160 4516 cere
184 4473 335 4538 umquam
367 4455 437 4521 ansi
465 4462 558 4521 sunt:
588 4454 807 4533 Quintilianus
836 4475 965 4540 quoque
988 4457 1190 4544 Lucretium,

99 4555 233 4630 quamvis
248 4555 411 4645 difficilem
434 4557 498 4641 (ad
514 4555 765 4640 intellegendum
780 4607 787 4642 ,
803 4566 901 4643 puto,
924 4578 1038 4642 parum
1062 4563 1192 4628 attentis
