3052 5144
621 455 637 520 1

82 631 230 694 dimidiam
256 637 400 712 partem,
424 649 484 694 nec
508 649 557 692 rcs
580 629 747 711 practinict
770 628 856 692 ulla.

79 765 148 827 crgo
171 764 268 808 rerum
292 745 374 809 inter
396 763 552 810 summam
576 744 802 826 minimamque
826 744 901 825 quid
925 744 1030 810 escit?

16 881 57 924 no
81 859 119 922 nii
141 861 196 923 erit
218 853 250 922 ut
273 858 388 924 distet:
412 879 486 924 uam
510 861 654 940 quamvis
677 857 818 923 funditus
842 859 944 922 omnis

78 993 191 1038 summa
212 975 253 1038 sit
274 975 416 1049 infinita,
439 981 566 1048 tamen,
591 973 782 1056 parvissima
805 991 888 1054 qrrae
912 981 1004 1048 sunt,

77 1107 111 1152 ex
133 1088 258 1153 infinitis
282 1090 475 1154 constabunt
498 1089 641 1172 partibus
664 1105 789 1170 aeque.

78 1203 154 1284 quod
176 1204 325 1285 quonism
348 1205 430 1268 ratio
454 1205 606 1268 reclamat
625 1224 700 1268 vera
722 1209 883 1284 negatque

76 1317 195 1383 credere
216 1338 315 1401 posse
338 1320 498 1402 animum,
521 1320 623 1384 victus
647 1319 770 1386 fateare
793 1326 956 1384 necessest

13 1453 53 1497 nm
75 1452 139 1497 csse
160 1452 197 1497 ea
219 1452 306 1514 quse
329 1434 425 1499 nullis
447 1435 510 1499 iam
535 1433 682 1517 praedita
705 1434 849 1516 partibus
872 1440 979 1498 extent

73 1557 101 1612 et
121 1548 246 1612 minime
270 1555 415 1613 constent
437 1555 572 1612 nature.
597 1567 679 1629 quas
702 1548 852 1631 quoniam
876 1555 969 1630 suut,

71 1659 121 1724 ilia
141 1681 265 1744 quoque
289 1681 362 1728 esse
384 1664 441 1728 tibi
463 1663 567 1728 solida
589 1675 685 1745 atque
707 1669 839 1728 aeterna
861 1663 1046 1729 fatendum.

72 1773 198 1858 denique
220 1779 251 1842 ni
277 1779 426 1843 minimas
447 1779 478 1842 in
504 1781 601 1860 partis
624 1787 737 1844 cuneta
759 1779 875 1844 resolvi

73 1909 178 1971 cogere
200 1901 391 1960 consuesset
412 1913 515 1958 rerum
539 1902 655 1958 natura
677 1895 831 1968 creatrix,

11 2021 51 2066 sorr
71 2003 126 2068 ism
149 2006 191 2072 nii
214 2027 253 2072 ex
280 2009 344 2074 iliis
367 2009 478 2074 eadem
503 2027 653 2092 reparare
677 2009 798 2074 valeret

71 2127 227 2203 propterca
249 2123 352 2204 quis,
376 2143 457 2206 quae
481 2123 588 2188 multis
611 2131 683 2191 suut
705 2123 850 2207 partibus
872 2131 986 2205 atleta,

73 2252 126 2299 non
146 2243 285 2320 possunt
307 2257 348 2302 ea
371 2257 455 2320 quae
477 2239 574 2304 debet
596 2239 748 2322 genitalis
772 2239 891 2303 habers

74 2353 228 2430 materies,
252 2354 362 2419 varios
385 2373 547 2436 conexus,
571 2351 735 2436 pondera,
759 2353 895 2437 plagas,

70 2481 253 2548 concursus,
283 2476 404 2550 motus,
428 2487 486 2553 per
509 2487 594 2550 quae
617 2487 668 2533 res
691 2487 838 2550 quaeque
860 2473 1035 2551 geruntur.

9 2593 49 2638 nnn
108 2578 329 2666 Quapropter
352 2583 405 2664 qui
431 2583 594 2648 materiem
618 2601 723 2648 rerum
747 2601 819 2649 esse
842 2589 992 2667 putarunt

70 2693 166 2776 ignem
188 2705 289 2779 atque
313 2717 351 2761 ex
374 2699 441 2782 igni
464 2717 620 2765 summam
644 2697 821 2764 consistere
842 2697 933 2778 solo,

68 2829 176 2893 magno
195 2831 301 2898 opere
324 2833 345 2877 a
366 2831 444 2878 vera
467 2813 549 2900 lapsi
574 2813 695 2877 ratione
712 2811 881 2878 videntur.

70 2924 243 2994 Heraclitus
266 2930 326 2992 init
347 2947 480 3010 quorum
504 2929 568 2992 dux
595 2927 720 3011 proelia
743 2928 881 3010 primus,

68 3039 167 3107 clarus
190 3043 232 3108 ob
256 3042 427 3108 obscuram
450 3043 593 3128 liugnam
616 3043 722 3125 magis
744 3044 826 3106 inter
848 3041 954 3105 inanis

7 3171 47 3217 sto
69 3157 198 3238 quamde
221 3157 335 3239 gravis
357 3158 439 3222 inter
461 3159 597 3232 Graios,
621 3159 675 3240 qui
698 3177 776 3222 vera
800 3154 983 3236 requirunt:

66 3273 168 3336 omnia
190 3273 276 3338 enim
300 3272 407 3354 stolidi
430 3274 532 3357 magis
555 3272 755 3338 admirantur
779 3275 973 3350 amantque,

68 3383 197 3454 inversis
220 3407 306 3470 quae
328 3389 387 3453 sub
411 3389 515 3453 verbis
537 3387 698 3452 latitantia
722 3393 876 3460 cernunt,

67 3519 202 3585 veraque
226 3504 422 3568 constituunt
444 3521 529 3584 quae
551 3503 636 3567 belle
659 3510 793 3584 tangere
814 3507 950 3584 possunt

66 3615 149 3682 auris
171 3621 204 3680 et
226 3617 337 3702 lepido
361 3635 445 3698 quae
467 3623 542 3682 suut
563 3617 674 3682 fucata
694 3635 830 3682 sonore.

5 3743 44 3790 sna
105 3731 186 3795 Nam
209 3751 269 3797 cur
289 3738 355 3796 tarn
378 3731 487 3797 varies
510 3751 561 3797 res
584 3739 717 3817 possent
738 3749 829 3814 esse,
854 3729 1003 3811 requiro,

66 3861 102 3908 ex
124 3865 187 3910 uuo
210 3847 239 3912 si
263 3853 336 3911 sunt
359 3847 426 3929 igni
449 3867 594 3932 puroque
617 3848 770 3913 creatae?

67 3959 105 4022 nii
127 3961 301 4044 prodesset
322 3963 405 4028 enirn
430 3961 568 4027 calidum
591 3961 755 4026 denserier
777 3961 885 4042 iguem

66 4091 121 4138 nec
141 4095 217 4141 rare
241 4075 329 4161 fieri,
353 4079 379 4142 si
402 4083 512 4160 partes
534 4075 619 4158 ignis
642 4075 776 4140 eandem

67 4343 112 4392 sla
130 4343 199 4406 qaod
227 4341 241 4412 {i
272 4345 457 4395 stanconam
482 4343 495 4413 ΙΙ
522 4347 573 4396 628
591 4345 613 4395 si
639 4345 651 4413 ΙΙ
680 4347 727 4396 631
748 4343 826 4392 nullis
853 4339 867 4410 Η
893 4344 943 4390 634
963 4355 1025 4403 quus
1050 4339 1064 4408 Η
1091 4341 1140 4392 639
1160 4341 1193 4392 ob

69 4430 204 4482 omissum.
227 4428 241 4497 Ιῇ
264 4431 313 4480 646
333 4431 372 4480 lis
390 4447 437 4482 uro
