3052 5144
610 469 625 532 l

65 663 131 705 nam
152 641 272 723 quidvis
295 641 387 706 citius
409 639 541 704 dissolvi
565 661 662 724 posse
684 639 829 706 videmus

64 775 151 838 qnam
174 776 279 822 mrsus
299 755 408 834 refici;
432 760 648 840 quapropter
670 755 768 839 ionga
790 754 853 820 diei

63 870 177 935 infinita
200 877 289 937 aetas
311 877 384 936 aute
407 871 471 936 acti
495 869 647 953 temporis
668 869 770 935 omnis

64 984 140 1066 quod
161 984 312 1068 fregisset
333 985 438 1051 adhuc
460 985 642 1050 disturbans
665 983 930 1067 dissoluensqne.

15 1121 42 1164 oo
64 1119 222 1181 numquam
245 1099 366 1166 relicuo
389 1099 531 1198 reparari
554 1106 695 1182 tempore
718 1104 848 1183 posset.

63 1219 93 1276 at
112 1233 209 1298 nune,
232 1215 264 1279 ni
288 1214 422 1297 mirum,
446 1212 616 1296 frangendi
639 1212 765 1279 reddita
788 1213 859 1280 tinio

62 1335 140 1392 certa
160 1335 289 1409 manet,
313 1330 464 1412 qnoniam
487 1327 574 1395 refici
598 1347 664 1392 rem
688 1349 846 1412 quamque
869 1329 1014 1395 videmus

63 1449 91 1505 et
110 1442 194 1508 finita
217 1444 312 1508 simul
335 1447 515 1526 generatim
536 1449 683 1528 tempora
707 1444 800 1509 rebus

62 1567 158 1644 stare,
182 1560 298 1642 quibus
320 1557 445 1642 possint
466 1539 536 1622 aeui
560 1558 747 1639 contingere
768 1535 901 1626 florem.

14 1696 40 1742 os
62 1675 117 1740 hnc
137 1673 262 1741 aceedit
284 1672 348 1746 uti,
372 1670 569 1737 solidissima
590 1671 737 1736 materiai

63 1809 188 1874 corpora
210 1809 282 1854 cum
308 1793 473 1862 constant,
496 1786 622 1871 possint
643 1791 749 1853 conen
772 1789 880 1854 omnia
901 1787 992 1855 reddi

63 1903 161 1969 mollia
183 1923 267 1987 quae
289 1902 387 1976 fiunt,
412 1909 487 1978 adr,
510 1921 616 1984 aquia,
640 1909 744 1979 terra,
767 1922 924 1987 vapores,

15 2038 40 2084 oo
62 2017 224 2083 admixtum
251 2017 402 2100 quoniam
425 2017 522 2082 semei
547 2022 595 2080 est
617 2017 649 2082 in
674 2017 767 2084 rebus
789 2017 909 2083 inane:

64 2140 215 2199 utcontra
239 2133 268 2198 si
292 2132 403 2196 mollia
425 2131 489 2197 sint
509 2129 684 2216 primordia
707 2150 829 2206 rernm,
1026 2107 1029 2114 ¹

63 2247 135 2314 nude
155 2252 278 2332 queant
299 2245 398 2312 validi
421 2246 528 2312 silices
550 2245 730 2328 ferrumque
753 2248 855 2312 creari

64 2382 118 2427 uon
136 2363 258 2448 poterit
278 2361 358 2426 ratio
381 2361 493 2427 reddi:
518 2381 591 2426 nam
614 2360 757 2426 funditus
780 2363 884 2430 omnis

61 2478 204 2563 principio
227 2475 428 2542 fundamenti
450 2483 562 2542 natura
585 2475 725 2542 carebit.

59 2599 124 2657 sunt
143 2594 238 2676 igitur
264 2591 368 2658 solida
389 2592 545 2676 pollentia
567 2591 790 2676 simplicitate,

0 2727 182 2788 inquorum
207 2707 375 2774 condenso
398 2708 500 2793 magis
523 2707 631 2772 omnia
653 2707 823 2774 conciliatu

59 2821 147 2886 artari
169 2829 310 2908 possunt
331 2821 520 2904 validasque
543 2821 712 2888 ostendere
735 2821 832 2886 viris.

97 2939 190 3004 Porro
213 2940 239 3002 si
264 2937 385 3002 nullast
406 2935 592 3019 frangendis
614 2937 740 3005 reddita
761 2937 834 3001 finis

59 3053 258 3136 corporibnS,
282 3059 390 3117 tamen
415 3073 454 3117 ex
478 3057 607 3118 aeterno
630 3060 774 3137 tempore
797 3051 955 3135 quaedam

59 3169 255 3234 nuncetiam
280 3187 433 3252 superare
457 3175 620 3234 necessest
643 3189 778 3252 corpora
801 3169 915 3242 rebus,

14 3304 39 3343 >o
60 3301 136 3361 qnae
157 3302 221 3347 non
245 3282 321 3347 dnm
345 3282 472 3347 clueant
493 3283 559 3349 ullo
582 3289 737 3368 temptata
759 3283 901 3368 periclo:

59 3401 95 3459 at
111 3399 259 3480 qnoniam
283 3397 533 3483 fragilinatura
554 3398 701 3484 praedita
724 3405 891 3482 constant,

59 3511 215 3596 discrepat
237 3520 402 3579 aeternnm
425 3521 550 3598 tempus
574 3515 717 3599 potuisse
742 3535 871 3582 manere

60 3625 339 3694 innumerabilibus
361 3629 468 3714 plagis
490 3635 607 3696 vexata
631 3649 689 3714 per
711 3649 845 3695 aevom.

59 3737 192 3824 deniqne
214 3743 278 3808 iam
302 3745 451 3826 quoniam
475 3746 652 3827 genemtim
674 3745 802 3811 reddita
824 3746 896 3812 finis

1 3875 38 3918 ¹nu
60 3859 218 3923 crescendi
242 3860 339 3925 rebus
362 3867 485 3926 constat
507 3860 668 3943 vitamque
690 3861 841 3946 tenendi,

12 3986 39 4032 os
60 3991 118 4052 quo
141 3981 236 4058 pacto
261 3973 338 4039 tiant
360 3981 391 4040 et
413 3975 530 4058 quavi
555 3995 704 4059 quaeque
726 3983 898 4062 gerantur,

0 4099 38 4144 te
60 4091 88 4150 et
110 4087 184 4168 quid
209 4109 357 4172 quaeque
381 4097 500 4174 qrreant
521 4111 579 4176 per
600 4089 730 4158 foedera
753 4092 900 4170 naarai,

62 4351 106 4401 tei
125 4356 199 4406 retice
221 4355 234 4423 i)
257 4357 358 4406 denras.
381 4355 394 4426 i!
415 4361 465 4409 569
484 4361 686 4425 Admixtnmqnc
706 4359 719 4430 Η
741 4363 791 4414 578
805 4376 935 4430 (luceque.
958 4359 971 4432 Η
992 4361 1044 4412 580
1056 4359 1156 4411 ciream
1169 4357 1183 4430 ΙΙ

64 4441 109 4490 ddi
128 4445 263 4512 geneum
281 4441 297 4519 ii
318 4447 367 4498 585
381 4446 528 4502 Crescendis
