3052 5150
304 321 365 388 164
830 317 880 382 ΙΙΙ

301 491 486 578 bquissimi'
500 497 695 558 correctores
721 489 855 556 retinere
884 490 1048 556 caluere.
1068 490 1128 562 sed
1155 490 1339 577 expressius
1359 496 1404 556 est

301 600 397 664 mlum
420 597 580 662 retinemu'
603 613 792 656 recurres
805 645 812 660 .
824 613 927 679 supra
943 594 1004 660 103
1026 608 1055 660 ct
1076 617 1139 661 noe
1158 607 1321 662 esttamen
1335 595 1405 659 tau

298 724 380 787 pers
400 699 471 765 ullu
492 698 646 764 ualentes.

386 801 459 868 266.
482 821 633 864 uouere
656 821 734 864 vrs.
748 799 873 866 Probus
889 821 920 886 p.
936 799 1016 866 1461
1038 801 1208 866 Lucretium
1230 811 1333 865 mmeu
1352 823 1405 863 rru-

300 929 385 973 mero
404 904 533 991 plurali
551 904 610 969 bue
630 904 680 968 urb
701 916 730 968 et
750 903 799 987 (11,
814 902 894 987 586)
915 905 974 968 bue
995 904 1065 968 orb.
1173 957 1176 964 .

388 1007 461 1074 266.
484 1027 520 1070 ru
543 1025 680 1078 uuovre
702 1025 928 1070 surussrurr
949 1003 1193 1072 vrsosue.lta
1214 1003 1407 1088 quadrellus,

302 1110 483 1194 Aventius,
500 1107 701 1192 Naugerius:
724 1109 825 1174 vobere
839 1107 1020 1192 oblongus,
1036 1107 1132 1192 Itali,
1148 1107 1227 1173 olim
1243 1107 1408 1193 impressi,

301 1213 479 1280 Marullus.
503 1211 564 1277 hoo
592 1227 635 1275 uc
660 1228 943 1277 commemorarem
973 1209 1123 1294 quidem,
1147 1210 1213 1275 uisi
1239 1211 1410 1295 placuisset

301 1315 564 1383 soloecismorum
587 1311 788 1396 fautoribus,
804 1313 1048 1398 Harercempo,
1072 1311 1300 1398 Wakefieldo,
1323 1312 1409 1378 Eich-

302 1417 429 1500 stadio,
453 1415 654 1500 Forbigero.

387 1519 460 1586 212.
496 1517 736 1585 Srusrruerrr
772 1539 871 1582 uuor
904 1567 913 1585 .
946 1518 1115 1586 corrector
1151 1518 1288 1604 oblongi
1324 1519 1409 1587 Ser·

302 1645 430 1690 srree.

386 1725 459 1793 288.
482 1724 556 1790 Eur
576 1744 695 1788 rursu
717 1745 837 1790 escon
858 1745 943 1788 reus
964 1725 1409 1792 rememorabatur

299 1849 460 1896 rresrrr.

384 1932 458 2000 289.
486 1930 572 1998 (lou
594 1949 811 1994 reeveecur
831 1951 878 1993 er
899 1951 947 1993 er
969 1950 1105 1995 ocuerr
1126 1951 1249 1995 urerr
1279 1953 1409 1997 rcrrus

301 2033 625 2117 senou.0blougus
647 2033 753 2120 prima
767 2051 869 2098 mauu.
884 2033 1064 2118 fervescat:
1086 2033 1160 2100 [teli
1182 2056 1408 2100 reurescrr.
1511 2083 1512 2088 η

301 2148 368 2206 tum
388 2145 474 2206 reete
499 2135 673 2212 Lambinus
695 2157 873 2221 scurrus,
904 2141 937 2201 et
962 2141 1094 2222 propter
1115 2155 1183 2202 rem
1207 2137 1307 2224 (quid
1329 2137 1409 2205 euim
1511 2141 1512 2186 1

302 2248 352 2310 est
373 2241 490 2308 aeriter
510 2237 675 2320 micurel)
704 2243 737 2304 et
757 2245 889 2324 propter
911 2237 1047 2322 Vergilii
1069 2238 1304 2324 imitationem,
1326 2241 1409 2308 euius

300 2366 375 2413 eum
389 2341 593 2410 Passeratius
613 2338 800 2425 admonuit,
817 2340 898 2407 Aen.
910 2361 966 2425 xu,
982 2341 1043 2409 102
1063 2354 1186 2428 utrque
1207 2343 1353 2410 ardentm
1372 2343 1408 2409 eb

301 2473 354 2515 cre
374 2445 539 2515 Scintillae
561 2444 716 2508 ubrcbturrt
726 2491 735 2525 ,
757 2442 858 2507 oeulis
878 2444 973 2510 micat
994 2445 1122 2509 aeribm
1144 2445 1257 2530 igneis.

385 2549 458 2616 290.
481 2547 552 2612 Iler
574 2567 621 2610 er
642 2565 801 2609 returns
822 2565 1053 2610 uuere—
1068 2567 1167 2610 suus
1183 2594 1191 2611 .
1207 2549 1319 2616 Etcum
1339 2571 1410 2636 quo·

300 2676 361 2739 que
375 2657 425 2718 est
439 2650 472 2715 iu
486 2648 628 2716 membro
643 2647 758 2732 tertio,
774 2645 833 2714 sed
854 2647 887 2712 iu
909 2648 1014 2733 primo
1036 2655 1068 2716 et
1087 2649 1181 2715 tertio
1196 2651 1254 2717 ille
1270 2700 1280 2716 .
1300 2651 1360 2717 hoc
1379 2650 1408 2714 iu

301 2752 443 2822 seeundo
466 2771 563 2836 aegre
588 2769 754 2835 caremus,
776 2763 805 2816 et
830 2771 889 2835 pro
916 2753 1010 2818 etcum
1039 2751 1209 2837 displicet:
1236 2753 1409 2820 scribamus

300 2876 379 2941 ergo
401 2855 508 2942 potius
530 2855 589 2920 Est
610 2873 656 2916 us
668 2851 805 2940 frigido
822 2853 947 2921 mubu.

387 2959 461 3027 291.
484 2979 528 3022 ur
549 2975 779 3038 rueosorrsr
802 2977 942 3020 serus.
958 2957 996 3023 In
1018 2963 1153 3042 utroque
1175 2959 1291 3026 codiee
1309 2958 1407 3024 rulit-

301 3071 390 3131 terac
412 3061 540 3128 deletae
562 3065 656 3126 sunt.
1237 3079 1240 3084 ·
1510 3051 1511 3060 ’

386 3165 460 3232 293.
482 3164 675 3229 Puerorum
697 3181 940 3234 ressaureuo
962 3183 1023 3228 rrr
1046 3185 1111 3236 our
1133 3184 1333 3237 vourueue
1353 3183 1406 3226 se·
1510 3199 1511 3240 2

301 3289 427 3334 reso.
449 3267 618 3334 corrector
640 3251 775 3348 oblongi
797 3266 996 3331 Pecroer.
1019 3273 1086 3332 tum
1108 3273 1215 3351 recte,
1239 3268 1274 3333 ui
1297 3265 1405 3346 fallor,
1510 3243 1511 3276 ¹

301 3371 458 3438 Marullus
488 3387 558 3440 our
579 3387 660 3432 rur:
683 3373 769 3433 certe
790 3367 912 3434 nullam
934 3367 1054 3436 inversi
1077 3369 1309 3436 vocabulorum
1331 3367 1406 3435 ordi-

301 3475 352 3541 nis
374 3473 531 3540 ratiouem
554 3469 674 3537 video.
698 3469 732 3536 in
753 3491 796 3555 vr,
815 3471 876 3536 143
898 3471 985 3557 qood
1003 3473 1075 3538 een
1094 3472 1131 3552 rit
1146 3517 1155 3536 .
1170 3472 1234 3539 299
1248 3468 1404 3538 4311011

300 3577 372 3642 Ηοο
383 3576 428 3663 fit
443 3623 451 3640 .
466 3575 531 3641 670
551 3573 594 3639 Id
614 3595 737 3660 quoquc
758 3573 841 3639 euim
852 3573 898 3661 fit
913 3623 920 3638 .
937 3574 970 3640 in
991 3595 1035 3658 tv,
1053 3573 1135 3641 1166
1157 3587 1223 3640 tum
1233 3576 1305 3662 fit.

387 3677 462 3744 298.
494 3677 581 3744 Nec
614 3695 760 3740 cereae
790 3695 937 3740 reseuu
968 3697 1139 3742 seuerus
1168 3697 1205 3740 rs
1238 3696 1404 3742 recreer

300 3800 490 3846 uorsusr.
511 3779 574 3846 Hic
595 3797 709 3845 versus
731 3777 844 3864 putide
865 3777 1026 3845 subiectus
1050 3785 1100 3845 est
1125 3781 1155 3845 ei
1181 3800 1246 3865 quo
1270 3779 1406 3847 eiusdem

301 3883 348 3951 rei
371 3881 520 3949 effectum
542 3887 639 3968 poeta
661 3880 867 3965 gravioribus
880 3879 988 3948 verbis
1003 3882 1184 3968 expressit,
1207 3883 1342 3952 Pectora
1355 3882 1408 3970 qui

291 3987 432 4076 fremitu
453 3999 604 4073 rumpunt
621 3985 809 4072 pleramque
827 3997 1003 4071 gementes.
1018 3983 1077 4051 sed
1091 3983 1179 4051 idem
1194 4005 1307 4052 versus
1322 4001 1403 4068 egre·
1509 4007 1510 4018 ¹

300 4089 355 4174 gio
376 4087 525 4154 convenit
547 4087 786 4174 superioribus,
809 4087 924 4174 quillus
951 4087 1042 4152 ucria
1063 4087 1162 4154 eorda
1184 4087 1403 4174 iracundaque
1509 4097 1510 4132 ὲ

300 4215 387 4259 ntem
397 4189 506 4278 facile
528 4191 698 4277 efferuescit
719 4191 755 4256 ἑο
775 4190 850 4274 r’ra,
873 4189 940 4255 Neo
962 4213 1075 4276 capere
1096 4192 1222 4257 irenem
1239 4187 1402 4275 fluctuem

298 4307 422 4381 pectere
441 4305 592 4379 possunt.

386 4395 460 4462 303.
493 4396 574 4462 Neo
597 4415 710 4459 ursus
731 4415 794 4459 ree
815 4414 887 4459 eux
909 4415 1068 4468 uueueu
1090 4417 1252 4462 susurre
1273 4409 1401 4459 resurr

302 4501 476 4566 Ferreus
506 4517 728 4562 susurrasse
758 4517 905 4563 essese
936 4519 1135 4564 ouurersrs
1161 4495 1399 4576 61113100-
