2996 5148
550 469 593 534 Vl

18 663 32 710 ts
81 644 155 707 Nune
175 643 271 707 omnis
293 649 436 727 repetam
460 662 556 723 quam
578 661 650 706 raro
675 660 809 725 corpore
831 640 894 704 sint
916 659 969 705 res

48 756 382 841 commemorare3qu0d
404 757 437 820 in
459 757 561 840 primo
585 777 712 838 quoque
736 755 875 820 carmine
898 755 1016 820 claret:

48 873 140 955 quippe
159 873 289 956 etenim,
307 891 498 954 quamquam
524 871 639 936 multas
662 870 723 935 hoe
744 870 881 955 pertinet
903 869 944 934 ad
967 889 1018 936 res

47 1005 166 1060 iussere,
181 1005 246 1049 eum
270 987 381 1069 primis
402 987 485 1052 hane
507 987 549 1052 ad
572 1005 637 1050 rem
659 985 803 1070 protinus
825 985 950 1067 ipsam,

18 1123 32 1164 u
47 1121 93 1180 qua
111 1101 144 1164 de
164 1101 318 1168 disserere
342 1101 532 1186 adgredior,
548 1101 675 1164 firmare
698 1107 861 1165 necessest

47 1215 76 1277 nil
94 1235 153 1280 esse
173 1216 203 1280 iu
224 1223 373 1301 promptu
396 1217 457 1281 nisi
480 1218 611 1280 mixtum
636 1235 750 1298 eorpus
773 1214 882 1280 inani.

46 1329 168 1413 principio
189 1330 221 1394 fit
242 1336 277 1394 ut
299 1331 333 1394 in
357 1331 519 1415 speluncis
541 1351 621 1397 saun
645 1349 782 1414 superne

45 1442 131 1508 sudent
150 1465 254 1510 umore
276 1451 310 1510 et
331 1445 429 1526 guttis
451 1445 648 1511 manantibu'
671 1446 810 1510 stillent.

45 1565 126 1622 nisset
144 1560 213 1623 item
235 1560 331 1625 nobis
354 1581 372 1625 e
394 1565 460 1626 toto
483 1581 616 1645 corpore
639 1562 756 1644 sudor,

18 1674 130 1752 pereseit
149 1673 247 1739 barba
269 1675 393 1760 pilique
417 1695 473 1758 per
496 1675 604 1741 omnia
625 1677 787 1751 membra,
803 1695 860 1759 per
883 1679 992 1738 artus.

18 1773 19 1822 l
45 1785 132 1852 lidilur
150 1789 180 1853 in
202 1809 304 1856 venas
328 1790 421 1854 cibus
441 1791 564 1874 omnis,
580 1797 695 1875 auget,
713 1790 833 1872 alitque

46 1903 153 1986 coporis
173 1911 338 1970 extremas
359 1925 485 1988 quoque
509 1905 609 1989 partis
631 1905 906 1990 unguiculosque,

18 2019 156 2083 uiuorbida
176 2020 289 2102 visque
313 2020 427 2098 simul,
444 2041 514 2086 euru
537 2020 735 2086 extrinsecus
757 2019 954 2086 insinuatur.
1002 2065 1004 2068 -

18 2149 35 2186 u
48 2129 115 2210 ligus
134 2135 202 2199 item
226 2136 364 2201 transire
386 2153 443 2220 per
464 2153 540 2212 ses,
557 2133 760 2216 calidumque
782 2155 956 2220 vaporem,

53 2249 182 2334 unimus,
198 2249 357 2316 sentimus
378 2251 452 2316 item
476 2250 610 2315 transire
632 2269 691 2335 per
713 2271 824 2314 surum

18 2373 42 2416 ³³·
55 2371 107 2440 tque
128 2383 181 2447 per
203 2369 395 2447 argentum,
412 2385 482 2430 eum
506 2364 623 2448 poeula
645 2364 741 2449 plena
763 2371 929 2430 tenemus.

51 2470 144 2558 lenique
166 2499 224 2565 per
247 2480 392 2564 dissepta
414 2479 581 2543 domorum
604 2499 702 2543 saxee
723 2499 819 2545 voees

49 2593 220 2679 pervolitant,
237 2600 406 2678 permanat
429 2594 509 2660 odor
532 2593 696 2676 frigusque
719 2615 883 2680 vaposque

47 2699 117 2784 iuis,
131 2709 182 2790 qui
205 2709 282 2774 ferri
306 2728 434 2792 quoque
456 2710 519 2774 viru
541 2715 710 2795 penetrare
733 2709 835 2774 suevit

45 2814 147 2902 tuique
168 2845 235 2906 qua
256 2824 374 2890 eirernn
399 2822 485 2888 Galli
508 2825 607 2889 lorice
629 2829 772 2890 coercet.

18 2933 64 2992 tet
79 2941 253 3022 tempestate
276 2941 309 3003 in
331 2945 418 3006 terra
440 2941 593 3024 caeloque
616 2947 746 3016 coortu,

44 3043 64 3106 in
81 3053 187 3118 caelum
210 3030 379 3136 terrasque
400 3059 542 3120 remotae
565 3055 636 3120 iura
658 3055 842 3138 saeessunt3

43 3166 269 3250 ‹qundoquidem
293 3169 339 3233 nil
362 3174 409 3233 est
430 3169 492 3234 nisi
516 3190 589 3235 raro
614 3171 747 3256 eorpori’
769 3190 873 3236 nexu.

68 3277 120 3344 tine
141 3282 267 3349 secedit
290 3283 333 3348 uti
355 3261 419 3349 non
442 3285 570 3362 omnis,
587 3305 671 3367 quse
692 3285 849 3352 iaciuntur

18 3395 145 3474 tmpore
165 3417 301 3481 eumque
324 3398 367 3463 ab
390 3399 506 3477 rebus,
523 3399 636 3466 eodem
659 3400 808 3486 praedita
830 3419 926 3466 sensu

42 3509 110 3588 alque
130 3513 241 3578 eodem
263 3519 358 3598 paeto
381 3515 476 3580 rebus
498 3514 562 3580 sint
583 3515 730 3581 omnibus
752 3522 850 3600 apte.

42 3621 163 3710 principio
186 3635 304 3694 terrum
327 3629 377 3694 sol
400 3629 575 3712 exquoquit
596 3636 628 3695 et
650 3629 727 3696 feeit
748 3650 824 3714 are,

43 3739 63 3794 tt
78 3737 200 3821 glaciem
225 3741 372 3808 dissolvit
393 3749 425 3808 et
447 3743 522 3810 ultis
544 3745 705 3811 montibus
727 3746 810 3812 altar

42 3857 237 3939 extructasque
260 3857 351 3924 nives
372 3858 472 3924 radiis
495 3860 660 3925 tnbsseere
683 3860 789 3941 cogit:

18 3959 150 4050 lienique
172 3991 246 4038 sera
267 3972 354 4056 lique
376 3972 410 4036 lit
431 3974 464 4038 in
486 3973 555 4040 eius
577 3979 673 4058 posta
693 3993 834 4059 vapore.

67 4147 211 4163 ''fluns—..-

44 4261 78 4308 iti
94 4267 170 4320 clere.
190 4268 203 4340 ll
228 4275 277 4324 998
296 4275 384 4324 ardes.
405 4271 418 4342 ΙΙ
443 4277 493 4326 940
511 4275 613 4324 firmare
638 4273 897 4344 ll941msieorpus
915 4277 1023 4327 mixtum
1047 4274 1061 4344 ΙΙ
1082 4281 1130 4328 942

44 4361 142 4410 sperne,
161 4354 174 4423 ll
198 4361 249 4408 954
266 4360 330 4410 eseli
354 4358 368 4426 ΙΙ
393 4362 443 4410 996
463 4369 635 4426 tempestatem
661 4360 674 4432 ΙΙ
700 4367 749 4415 957
769 4365 840 4415 iures
860 4365 873 4432 ll
895 4367 945 4415 998
964 4379 1071 4430 corpore
1088 4381 1131 4418 ue·

44 4445 103 4484 num,
121 4441 133 4506 ξΙ
151 4447 197 4493 962
217 4463 268 4510 quo
288 4447 302 4514 ΙΙ
322 4449 373 4497 964
391 4447 525 4500 Extractus
