3020 5146
358 434 419 497 110
893 425 942 492 111

280 621 330 668 999
355 619 419 664 999
442 597 553 662 merito
575 597 728 662 inclamet
748 595 853 678 magis
876 605 908 661 99
929 618 1011 664 voce
1033 597 1178 683 increpet
1200 599 1293 664 acri?

350 707 458 777 ‘aufer
479 711 597 776 abhinc
620 711 790 789 lacrimas,
807 711 950 796 balatrc,
967 718 999 778 99
1021 732 1189 798 compesce
1212 713 1386 797 querellas.

279 850 328 897 999
355 827 463 893 omnia
484 826 667 910 perfunctus
689 825 767 890 vitai
789 827 933 912 praemia
954 847 1100 894 marces:

355 943 412 1009 sed
436 942 513 1024 quia
535 959 661 1025 semper
681 959 758 1006 aves
781 940 867 1022 quod
889 942 999 1020 abest,
1016 942 1198 1032 praesentia
1220 943 1353 1026 temnis,

355 1057 533 1142 inperfecta
554 1055 611 1121 tihi
635 1056 779 1139 elapsast
801 1055 991 1138 ingrataque
1014 1057 1098 1140 vita,

354 1181 386 1239 et
405 1192 466 1238 neo
488 1171 630 1255 opinanti
652 1189 738 1236 mors
761 1168 803 1234 ad
826 1177 922 1253 caput
943 1170 1063 1235 adstitit
1085 1178 1158 1236 ante

279 1308 329 1356 999
355 1309 449 1370 quam
473 1293 560 1353 satur
582 1305 621 1350 99
642 1285 758 1370 plenus
780 1285 885 1369 possis
908 1285 1073 1352 discedere
1096 1306 1222 1352 rerum.

354 1423 439 1468 nunc
460 1401 567 1468 alienu
588 1406 644 1464 tua
665 1407 772 1465 tamen
794 1405 901 1468 999999
925 1401 1033 1466 999919
1056 1401 1166 1484 mitte,

353 1537 457 1599 aequo
479 1516 670 1597 animoque,
686 1535 748 1598 age
769 1514 844 1580 dunt
858 1565 866 1594 ,
882 1513 989 1598 dignis
1011 1517 1154 1582 concede
1168 1540 1175 1580 :
1191 1522 1353 1582 necessest
1364 1512 1378 1580 .'

354 1633 441 1716 iure,
458 1637 493 1695 ut
515 1631 648 1715 opinor,
664 1635 760 1714 agat,
776 1630 845 1694 iure
867 1630 1008 1714 increpet
1029 1630 1202 1712 ineilctque
1216 1656 1242 1724 ι,

353 1745 437 1813 cedit
458 1746 544 1812 enirn
566 1765 669 1810 rerum
692 1744 833 1812 novitate
855 1753 985 1810 extrusa
1006 1751 1148 1811 vetustas

277 1881 326 1928 999
352 1879 497 1945 semper,
515 1866 547 1925 et
569 1879 609 1924 cx
633 1859 707 1924 aliis
730 1859 818 1924 aliud
840 1879 993 1944 reparare
1016 1867 1197 1926 necessest.

351 1996 412 2041 nec
434 1977 602 2057 quisquam
626 1974 658 2038 in
680 1973 863 2038 barathrum
888 1995 945 2040 neo
967 1977 1102 2040 Tartara
1123 1976 1255 2042 deditur
1276 1981 1365 2042 atra:

353 2089 501 2155 materies
524 2109 604 2174 opus
626 2095 695 2172 est,
712 2095 746 2153 nt
769 2097 913 2154 crescant
935 2097 1064 2173 postera
1086 2091 1215 2156 saecla:

353 2224 437 2286 quae
459 2211 563 2270 999999
587 2203 694 2268 omnia
715 2209 746 2268 99
769 2204 834 2266 vitu
856 2204 1023 2288 perfuncta
1044 2212 1241 2286 sequentur:

351 2339 411 2385 neo
433 2319 537 2384 minus
559 2339 636 2400 ergo
658 2323 732 2382 ante
755 2317 834 2382 haec
857 2339 953 2400 quam
976 2326 1010 2384 tu
1032 2319 1198 2398 cecidere,
1215 2322 1407 2402 cadentque.

277 2455 327 2502 nro
352 2434 398 2500 sic
421 2433 487 2499 alid
511 2453 551 2498 ex
574 2432 637 2498 alic
661 2451 835 2513 numquam
857 2430 992 2498 desistet
1014 2433 1110 2510 oriri,

351 2549 481 2631 vitaque
503 2547 662 2630 mancipio
685 2546 764 2610 nulli
787 2544 902 2622 datur,
918 2547 1065 2612 omnihus
1087 2567 1169 2612 usu.

352 2666 474 2748 respice
496 2662 574 2727 item
597 2681 690 2743 quam
715 2661 758 2724 nil
783 2660 825 2726 ad
847 2681 906 2725 nos
928 2667 1002 2726 9999
1024 2668 1095 2726 acta
1116 2668 1261 2730 vetustas

352 2778 504 2862 temporis
526 2776 648 2842 aeterni
671 2775 787 2852 tuerit,
804 2795 899 2858 quam
924 2777 1083 2840 nascimur
1104 2785 1200 2843 ante.

352 2893 412 2957 hoc
435 2892 532 2976 igitur
555 2889 717 2975 speculum
740 2890 835 2957 nobie
857 2895 970 2954 999999
993 2889 1089 2956 199991

276 3029 325 3076 999
349 3006 502 3090 temporis
525 3006 655 3088 exponit
676 3011 749 3090 post
771 3011 904 3070 mortem
927 3004 1065 3087 denique
1088 3013 1249 3072 nostram.

351 3119 504 3202 numquid
527 3119 571 3184 ihi
595 3119 744 3184 horribile
766 3129 922 3206 apparet,
938 3141 1014 3186 num
1036 3123 1125 3188 triste
1148 3123 1274 3188 videtur

353 3237 521 3318 quicquam
536 3283 544 3318 ‚
561 3253 623 3297 non
647 3234 732 3298 omni
755 3255 867 3302 somno
891 3237 1034 3302 securius
1057 3238 1189 3302 exstat?

394 3353 496 3432 Atque
520 3367 581 3426 ca,
597 3349 629 3412 ni
652 3347 786 3430 mirum,
803 3369 886 3430 quac
908 3371 1044 3433 cumque
1066 3350 1246 3416 Acherunte
1269 3349 1410 3437 profundo
1476 3373 1477 3378 ¹

351 3463 480 3549 prodita
503 3469 577 3528 sunt
598 3483 690 3538 esse,
706 3463 739 3526 iu
760 3464 826 3528 vita
848 3471 922 3530 sunt
944 3465 1050 3532 omnia
1072 3465 1187 3531 991919.

275 3601 325 3649 999
350 3599 408 3645 999
430 3579 526 3644 miser
548 3577 726 3662 inpendens
747 3597 899 3662 magnum
922 3580 1011 3644 timet
1033 3587 1108 3646 9999
1130 3600 1242 3646 saxum

353 3693 527 3776 Tantalus,
544 3699 578 3757 ut
600 3692 737 3774 tantast,
755 3711 848 3758 cassa
870 3693 1038 3759 formidine
1061 3701 1213 3778 torpens:

352 3809 410 3872 sed
431 3807 536 3891 magis
557 3807 590 3870 in
614 3807 679 3870 vita
701 3805 806 3870 divom
829 3813 933 3872 metus
954 3813 1046 3890 urget
1068 3808 1172 3874 inanis

347 3922 511 4000 mortalis,
528 3940 702 4003 casumque
725 3921 837 3986 timent
859 3941 956 4002 quem
979 3921 1095 4004 cuique
1118 3920 1202 4000 ierat
1224 3921 1312 3988 fors.

350 4053 408 4101 nec
431 4036 548 4120 Tityon
570 4036 714 4100 volucres
736 4035 847 4102 incunt
869 4036 1050 4101 Acherunte
1072 4037 1251 4116 iacentem,

353 4302 403 4352 est
423 4299 523 4352 baratro
544 4299 557 4368 ΙΙ
578 4303 628 4352 959
648 4301 789 4366 Inperfecta
810 4301 823 4372 ΙΙ
844 4303 895 4353 999
913 4303 1009 4354 discere
1029 4299 1044 4371 ΙΙ
1064 4304 1113 4354 962
1133 4301 1261 4365 agendum
1273 4299 1382 4366 magdiel
1404 4293 1437 4338 9⁶⁴

354 4389 416 4444 Cedi
439 4386 453 4458 Η
475 4391 524 4440 999
545 4388 673 4438 baratrum
