3052 5144
346 453 389 518 60
898 451 926 516 11

348 639 449 703 quare
471 642 590 704 magna
613 623 706 686 deum
728 627 830 686 mater
850 627 1015 702 materque
1038 620 1175 686 ferarum

345 741 378 801 et
398 736 497 800 nostri
519 736 664 820 genetrix
687 736 766 800 haec
790 736 876 801 dicta
897 741 946 800 est
968 734 1112 819 corporis
1135 755 1220 800 una.

273 871 323 918 600
392 841 484 915 Hane
505 857 629 914 veteres
652 851 783 916 Graium
807 850 890 916 docti
915 849 1059 916 cecinere
1080 855 1195 932 poetae

346 1078 475 1143 sedibus
497 1079 530 1142 in
553 1099 646 1144 curru
668 1079 796 1162 biiugos
818 1078 943 1159 agitare
965 1077 1095 1160 leones,

346 1193 430 1258 airis
452 1193 485 1256 in
508 1193 611 1277 spatio
635 1213 784 1274 magnam
807 1192 946 1278 pendere
969 1191 1121 1257 docentes

345 1307 510 1382 tellurem,
527 1328 629 1388 neque
653 1326 747 1390 posse
770 1308 802 1372 in
824 1313 910 1371 terra
932 1306 1043 1372 sistere
1066 1313 1202 1372 terrant.

346 1419 518 1486 adiunxere
541 1422 645 1504 feras,
663 1422 737 1503 quia
760 1421 904 1502 quanwis
927 1420 1027 1486 effera
1048 1420 1155 1504 proles

272 1555 321 1602 606
348 1533 462 1601 officiis
486 1535 581 1600 debet
602 1535 718 1600 molliri
740 1535 823 1599 victa
844 1541 1029 1617 parentum.

345 1649 523 1731 muralique
546 1655 643 1733 capnt
665 1669 823 1714 summum
845 1650 973 1714 cinxere
996 1667 1134 1726 corona,

347 1764 470 1830 eximiis
493 1763 612 1828 nrunita
635 1763 713 1828 locis
736 1765 811 1845 quia
833 1763 966 1828 sustinet
987 1763 1102 1842 urbes;

347 1899 409 1960 quo
432 1898 517 1942 nunc
539 1877 656 1960 insigni
678 1897 735 1960 per
757 1897 894 1959 magnas
917 1876 1064 1960 praedita
1085 1883 1187 1942 terras

345 1992 488 2057 horrifice
511 1991 612 2056 fertur
634 1991 761 2058 divinae
785 1991 892 2056 matris
915 1991 1044 2072 imago.

269 2127 320 2174 ero
345 2107 425 2194 hanc
447 2106 556 2170 variae
578 2112 690 2189 gentes
714 2106 843 2186 antiquo
866 2105 953 2168 more
977 2125 1139 2170 sacrorum

344 2219 473 2284 Idaeam
497 2219 636 2284 vocitant
657 2226 811 2296 matrem,
828 2220 1049 2303 Phrygiasque
1071 2225 1216 2284 catervas

346 2333 422 2396 dant
444 2334 593 2416 comites,
611 2334 686 2414 quia
707 2335 842 2417 primum
865 2353 904 2398 ex
927 2333 991 2398 illis
1013 2333 1130 2398 finibus
1153 2331 1252 2398 edunt

345 2467 402 2530 per
423 2453 575 2511 terrarum
600 2448 707 2512 orbern
732 2447 840 2532 fruges
862 2449 1007 2530 coepisse
1030 2447 1152 2512 creari.

344 2562 448 2645 gallos
471 2562 663 2645 attribuunt,
680 2563 776 2643 quia,
793 2581 910 2626 numen
932 2562 985 2642 qui
1007 2561 1157 2626 violarint

270 2696 319 2742 015
345 2675 455 2740 matris
477 2683 508 2739 et
529 2676 647 2757 ingrati
670 2677 857 2758 genitoribu‘
880 2675 943 2740 sint
964 2675 1104 2760 inventi,

345 2789 525 2874 significare
548 2791 659 2854 volunt
681 2790 832 2870 indignos
854 2809 925 2856 esse
947 2790 1126 2872 putandos,

345 2905 449 2970 vivam
472 2905 657 2991 progeniem
681 2904 789 2987 quiin
813 2923 889 2968 oras
910 2903 1038 2968 luminis
1061 2903 1179 2968 edant.

344 3027 496 3104 tympana
519 3027 606 3084 tenta
627 3025 740 3084 tonant
761 3018 875 3102 palmis
898 3024 929 3082 et
951 3017 1099 3102 cymbala
1121 3018 1238 3082 circum

344 3154 503 3209 concava,
521 3134 754 3215 raucisonoque
777 3133 935 3196 minantur
954 3152 1074 3198 cornua
1095 3139 1209 3216 cantu,
1281 3177 1284 3186 .

270 3269 321 3315 6²0
346 3254 378 3312 et
400 3248 539 3330 Phrygio
562 3247 702 3312 stimulat
722 3267 853 3310 numero
876 3265 956 3312 cava
978 3247 1058 3312 tibia
1080 3246 1214 3330 mentis,

345 3361 472 3444 telaque
495 3367 719 3446 praeportant,
736 3361 865 3425 violenti
889 3363 981 3444 sigua
1002 3361 1139 3437 furoris,

344 3475 488 3560 ingratos
510 3476 634 3540 animos
657 3481 753 3556 atque
774 3475 873 3559 irnpia
895 3481 1027 3559 pectora
1048 3475 1134 3556 volgi

345 3595 523 3654 conterrere
545 3595 632 3653 metu
655 3609 739 3670 quae
762 3590 886 3674 possint
907 3589 1035 3654 nunsini’
1057 3589 1173 3654 divae.

347 3723 423 3784 ergo
447 3723 517 3768 eum
540 3703 675 3786 primum
698 3723 832 3787 magnas
854 3704 980 3768 invecta
1002 3722 1059 3786 per
1080 3703 1168 3769 urbis

270 3836 320 3884 005
347 3817 509 3882 munificat
531 3817 629 3882 tacita
650 3817 793 3881 mortalis
816 3825 904 3882 muta
926 3818 1048 3901 salute,

346 3949 421 3995 aere
443 3937 539 4013 atque
562 3937 693 4015 argento
716 3937 860 3996 sternunt
880 3932 939 3996 iter
961 3951 1054 3998 omne
1077 3931 1221 4008 sianum,

346 4044 488 4126 largifica
510 4045 591 4130 stipe
614 4045 774 4129 ditantes,
790 4047 988 4130 ninguntque
1010 4066 1155 4112 rosarum

346 4209 546 4218 ----——-——-

351 4313 402 4360 605
424 4313 508 4362 moliri
531 4309 545 4380 ΙΙ
566 4315 615 4361 607
640 4312 680 4360 Ex
703 4312 761 4360 imis
781 4309 794 4378 ΙΙ
816 4313 866 4360 613
891 4311 965 4362 orbes
984 4310 997 4380 tt
1019 4315 1068 4362 615
1091 4313 1168 4362 Matri
1191 4321 1217 4363 et
1240 4312 1321 4380 ingeri
1342 4309 1355 4380 Η
1373 4307 1458 4360 inventi

348 4397 415 4446 sint.
437 4397 450 4466 Η
472 4401 522 4449 625
542 4399 645 4448 numina
666 4395 680 4466 ΙΙ
701 4401 750 4448 626
770 4399 805 4448 ite
824 4399 910 4448 omnis
927 4399 1026 4448 virum.
