3052 5150
324 392 386 460 180
853 392 904 460 ΠΙ

321 579 511 633 uonurran
539 613 546 629 .
574 563 634 631 sed
660 585 682 628 ι
712 564 772 632 lato
802 580 929 649 quoque
959 560 1183 628 asciscendum
1210 569 1297 646 erat,
1326 571 1360 630 ut
1386 564 1416 630 in

321 667 462 750 v1,1042
484 689 506 732 u
527 665 636 754 lapella
657 667 713 732 loc
729 711 737 729 .
752 683 853 750 quare
875 663 909 730 in
933 663 1042 749 also
1057 663 1185 730 malou
1206 665 1318 732 llmsits'
1334 679 1418 753 parte

321 789 421 854 quam
442 769 506 834 ab.

404 871 478 940 685.
501 891 548 936 ur
570 891 683 936 sunau
706 889 849 935 coneus
871 887 997 932 ranas
1018 889 1193 934 arsnuar
1215 867 1418 948 obseoui-

221 1053 227 1065 ,
320 973 432 1040 dratus
455 975 553 1060 afluat
565 1021 573 1038 .
586 971 645 1040 sed
667 971 861 1038 contrariom
885 989 938 1038 rcs
959 971 1121 1056 postulat:
1137 971 1251 1038 debuit
1271 971 1352 1038 enim
1371 970 1420 1038 hic

322 1075 356 1141 id
378 1075 441 1144 dici
464 1075 552 1162 quod
575 1095 685 1142 uerum
708 1094 774 1141 nou
796 1077 900 1156 esset,
919 1092 990 1138 curn
1006 1091 1047 1139 ex
1061 1071 1193 1140 diverso
1209 1093 1319 1141 rerum
1338 1073 1377 1140 sit
1389 1073 1419 1138 in

319 1177 497 1263 proximis,
520 1179 567 1244 lto
581 1190 729 1244 eceman
743 1213 785 1224 —-
799 1178 851 1242 ati
866 1174 974 1242 dcalcc
992 1199 1114 1262 quoque
1133 1199 1228 1242 acrem
1238 1177 1420 1264 partiespen-

319 1292 372 1345 tar
384 1331 391 1348 .
404 1281 571 1366 perspexit
591 1279 704 1346 vitium
720 1277 917 1361 Lambinus,
934 1275 992 1343 sed
1008 1278 1167 1344 rationem
1181 1298 1246 1344 non
1261 1279 1419 1365 exposuit,

319 1402 424 1466 neque
446 1401 518 1450 earn
540 1387 598 1448 aut
612 1379 785 1448 Cracchiue
807 1387 864 1447 aut
878 1377 1098 1446 Wakefieldus
1117 1399 1177 1465 per
1191 1399 1228 1446 sc
1242 1380 1420 1464 intellegere

317 1484 424 1570 potuit
447 1533 455 1551 .
477 1483 636 1568 Forbiger
661 1483 804 1567 ingenua
830 1481 1036 1567 simplicitate
1065 1479 1192 1548 ‘Lamb
1215 1481 1373 1551 Gaescnd.
1392 1491 1421 1551 et

318 1586 450 1654 Oreech.
472 1587 617 1672 spurium
639 1592 792 1668 censent,
815 1585 945 1670 nescio,
971 1601 1036 1668 qua
1057 1583 1099 1650 de
1119 1587 1249 1650 cauea.²
1265 1587 1420 1653 Lucretius

318 1688 448 1757 videtur
479 1687 648 1775 scripsisse
681 1699 715 1754 ut
746 1711 840 1753 aenea
871 1709 986 1773 coepas
1020 1697 1123 1752 tumea
1148 1707 1294 1752 anonae
1319 1712 1418 1755 omae.

317 1791 417 1859 malet
438 1797 547 1858 tameo
568 1791 661 1876 cfw
689 1789 745 1874 qui
772 1788 865 1856 huius
894 1787 981 1854 modi
1005 1787 1184 1874 composita
1206 1791 1240 1856 in
1263 1809 1322 1856 usu
1343 1797 1420 1857 vete

317 1915 388 1962 rum
411 1893 512 1962 luisse
533 1892 755 1960 demonstrare
776 1891 913 1976 poterit:
936 1909 1011 1956 nam
1033 1888 1145 1976 ᾰφιαι
1166 1891 1202 1958 in
1221 1893 1328 1960 Plauti
1349 1893 1419 1958 Bac

317 1995 447 2065 cbidum
468 1995 562 2062 initio
584 1995 654 2062 sino
675 1999 806 2060 auctore
828 1992 949 2062 fertur.

402 2100 476 2168 690.
500 2095 608 2178 Quor>
630 2117 735 2162 ιιιιιι
757 2115 884 2160 ιοιιιιι
899 2143 908 2162 .
925 2094 1101 2163 Lambinus
1120 2115 1193 2164 cum
1215 2099 1317 2184 probe
1337 2097 1419 2164 intel·

312 2201 449 2292 ,luxisset
470 2220 542 2267 cum
565 2201 630 2268 illis
651 2199 820 2284 versibus,
836 2217 970 2282 quornm
993 2199 1183 2286 principium
1205 2208 1257 2268 est
1269 2201 1354 2267 Nam
1373 2222 1418 2265 ac·

317 2329 377 2392 quc
391 2317 478 2372 tanto
493 2327 605 2391 opere,
621 2301 826 2368 coniunctum
843 2320 915 2367 esse
933 2298 1020 2385 quod
1043 2301 1095 2388 bis
1115 2303 1261 2388 quinque
1283 2301 1418 2370 carmini·

316 2405 377 2474 bus
399 2405 573 2472 interiectis
596 2403 760 2489 sequitur,
776 2402 844 2470 Nec
861 2417 925 2468 mm
939 2415 1100 2472 mactae
1121 2429 1192 2471 cam
1215 2407 1281 2473 celet
1290 2456 1299 2490 ,
1320 2412 1416 2471 tamen

316 2507 412 2575 homo
434 2507 617 2576 levissimus
644 2525 757 2572 verum
783 2525 934 2574 versuum
962 2510 994 2572 et
1016 2505 1172 2573 cratonis
1194 2507 1341 2575 ordinem
1358 2523 1417 2572 uon

315 2609 420 2678 vidit.
437 2615 560 2678 ceteros
582 2609 669 2676 ultra
682 2609 875 2676 Lambinum
896 2627 963 2674 non
986 2607 1135 2694 sapuisse
1156 2609 1266 2676 minus
1287 2611 1397 2676 miror.

402 2713 476 2781 691.
499 2733 648 2778 conexa
671 2731 736 2776 asu
759 2731 921 2776 rrscnea
943 2731 1012 2775 eun
1033 2731 1155 2776 vasus
1174 2711 1414 2779 senescer-

316 2821 422 2882 rcctor
454 2814 605 2900 quadrati
633 2822 665 2881 et
696 2813 792 2881 ceteri
824 2833 1037 2878 ennianae
1066 2815 1190 2880 cucero
1223 2839 1356 2898 mccc,
1385 2818 1415 2877 ut
1510 2807 1511 2820 ³

315 2936 413 2985 uersu
435 2918 523 2987 217.

400 3019 473 3087 693.
490 3021 651 3086 dioneos
666 3041 712 3086 ur
727 3039 883 3084 rnorean
897 3039 941 3083 ar
956 3039 1095 3084 aaaron
1110 3039 1299 3085 sreruoon
1312 3037 1411 3090 noua.

316 3119 500 3202 Quadratus
530 3147 634 3211 oquae
653 3173 661 3191 .
682 3121 752 3190 eius
779 3128 940 3189 corrector
964 3119 1093 3208 pelidae
1118 3123 1260 3210 atriaque
1286 3141 1412 3194 acuar.

314 3223 389 3290 Itali
412 3243 566 3289 ornrnrr
581 3275 589 3293 .
606 3225 638 3290 in
653 3224 765 3290 morbo
787 3223 907 3291 frustra
921 3229 1130 3308 argrrtantur:
1154 3225 1327 3294 manifesto
1347 3221 1412 3289 scri·
1509 3243 1510 3256 ι

313 3325 455 3392 bendum
479 3333 528 3394 est
549 3326 726 3392 Moesus.

399 3427 473 3496 694.
499 3429 551 3496 os
576 3449 685 3494 neers
709 3447 919 3495 oeneussus
941 3448 1090 3494 sonrnrs
1111 3449 1131 3492 a
1153 3451 1339 3496 runcinus
1359 3447 1410 3492 as·

310 3549 382 3592 ean
398 3577 405 3593 .
422 3528 596 3598 Oreechius
612 3537 697 3598 recte
712 3551 943 3598 axenneeus:
959 3531 1017 3599 scd
1033 3537 1203 3618 praeterea
1216 3529 1408 3600 scribendum
1508 3587 1509 3620 ζ

311 3651 467 3698 suerrus
481 3681 488 3698 .
501 3631 678 3716 Forbigero
695 3631 887 3700 Wakefieldi
909 3633 1077 3702 barbaries
1099 3634 1196 3702 valde
1217 3635 1340 3722 placet,
1361 3632 1408 3714 qui

310 3733 392 3800 dicit
412 3735 534 3802 subitos
545 3735 667 3824 stapes
689 3753 762 3802 ease
783 3737 967 3804 subeuntes.

395 3837 470 3903 702.
493 3837 759 3903 Drseaerrnue
780 3859 877 3904 unco
893 3861 963 3904 ern
978 3859 1123 3905 caueae
1137 3887 1145 3906 .
1161 3839 1337 3907 Brixiensis
1351 3832 1406 3902 edi·

308 3939 353 4005 iio
376 3939 575 4028 Dsipcrtr'tur
596 3941 698 4024 catat,
721 3940 794 4007 Itali
818 3947 851 4008 ot
872 3941 1028 4008 Marullus
1050 3942 1229 4028 Dsipcrts'to
1250 3963 1322 4029 erpo
1336 3991 1344 4006 .
1359 3936 1405 4002 bo
1507 3997 1508 4036 ,

278 4047 285 4060 '
308 4059 378 4105 rum
401 4048 550 4108 neutrum
570 4061 682 4110 rerum
706 4047 774 4110 est:
791 4041 833 4110 de
847 4045 957 4110 aalma
976 4043 1062 4114 enim
1084 4043 1146 4110 hoc
1167 4043 1290 4112 dicatur
1310 4039 1405 4118 infra,

306 4141 394 4209 Dum
416 4145 515 4230 quusi
526 4169 588 4232 per
610 4145 721 4211 caulos
731 4169 743 4228 ,¹
765 4163 830 4229 quo
852 4143 888 4211 fit
908 4153 945 4212 ut
966 4143 1028 4214 hoc
1050 4145 1094 4214 ad
1112 4147 1215 4213 cabum
1229 4142 1338 4212 rol’orri
1358 4139 1403 4206 do·

306 4244 402 4331 beat,
426 4245 492 4331 ita,
516 4248 777 4312 Drserarrros
799 4269 888 4314 usia
903 4273 967 4336 per
988 4250 1125 4317 cache.

391 4347 464 4426 lob,
493 4367 659 4421 QUAHVIS
685 4369 752 4414 EST
778 4370 941 4417 INTBGBA
963 4373 1105 4418 HGEM
1128 4351 1276 4418 (lOBPUS
1297 4365 1400 4412 BUM·
1506 4399 1507 4404 ,

305 4447 490 4532 Quadratus
512 4473 598 4518 recca
613 4500 621 4516 .
637 4451 794 4520 Marullus
817 4455 953 4541 quoaor'e
974 4475 1138 4521 ruraoea
1159 4479 1267 4554 roccae
1287 4473 1321 4516 ιιι
1336 4449 1399 4516 Ocr-
