3020 5146
356 472 417 536 114
892 467 936 534 111

395 638 542 720 Denique
564 643 651 703 tanto
674 657 770 723 opere
792 639 825 704 in
847 639 953 706 dubiis
975 639 1137 726 trepidare
1158 641 1289 726 perietis

353 771 436 834 quae
459 753 545 818 mala
568 773 627 818 nos
649 753 767 836 subigit
788 755 865 820 vitai
887 761 976 820 tanta
998 754 1142 840 cupido?

352 874 438 932 certa
460 867 589 949 quidem
611 867 682 933 finis
699 869 791 936 ,vitae
814 870 998 935 mortalibus
1021 871 1149 954 adstat,

353 1003 413 1048 nee
435 983 569 1047 devitari
592 983 688 1048 tetum
710 989 805 1068 pote,
822 985 899 1066 quin
922 985 1097 1051 obeamus.

270 1117 337 1164 roeo
353 1104 521 1181 praeterea
544 1117 709 1163 versamur
731 1098 847 1163 ibidem
870 1105 966 1180 etque
989 1099 1131 1165 insumus
1154 1119 1275 1182 usque,

353 1234 413 1281 nee
434 1233 519 1277 nova
538 1211 674 1277 vivendo
696 1211 880 1296 procuditur
901 1214 969 1278 ulto
991 1214 1158 1297 voluptas:

352 1329 409 1399 sed
433 1327 507 1392 dum
531 1327 624 1393 abest
645 1325 729 1408 quod
752 1346 903 1405 avemus,
920 1327 951 1392 id
975 1347 1171 1412 exsuperare
1193 1329 1321 1394 videtur

350 1451 479 1509 detero:
495 1447 568 1526 post
589 1441 687 1518 aliut,
704 1461 774 1506 oum
798 1442 929 1526 eontigit
951 1442 1051 1525 illud,
1068 1461 1219 1518 avemus,

353 1565 385 1624 et
407 1557 475 1624 sitis
499 1576 603 1638 aequa
625 1561 712 1621 tenet
733 1556 810 1622 vitai
833 1577 959 1642 semper
981 1555 1119 1622 hiantis.

271 1696 336 1744 1085
353 1679 545 1760 posteraque
568 1671 600 1734 in
623 1670 752 1736 dubiost
774 1669 933 1737 fortunam
958 1693 1050 1754 qoam
1074 1671 1307 1746 robatorem,

353 1786 468 1871 quidve
491 1786 575 1850 serat
597 1785 691 1850 nobis
713 1805 806 1850 casus
830 1788 922 1869 quive
945 1788 1048 1853 exitus
1072 1787 1186 1851 instet.

353 1922 413 1967 neo
434 1920 580 1985 prorsum
603 1900 701 1964 vitam
724 1899 870 1966 debendo
894 1901 1050 1965 demimus
1072 1901 1168 1966 hilum

352 2024 496 2100 tempore
519 2015 560 2080 de
584 2016 694 2079 mortis
717 2035 776 2080 neo
799 2016 944 2080 delibare
966 2016 1130 2098 valemus,

354 2151 415 2213 quo
438 2130 543 2195 miuus
566 2149 636 2194 esse
659 2129 714 2193 diu
736 2131 896 2214 possimus
919 2128 1002 2196 forte
1024 2130 1201 2214 perempti.

272 2267 338 2315 roso
354 2243 487 2334 proinde
511 2245 584 2309 lieet
607 2243 752 2326 quotvis
775 2245 911 2309 vivendo
934 2244 1074 2310 oondere
1096 2245 1224 2310 saecla:

354 2381 440 2425 mors
463 2365 595 2423 aeterna
616 2365 723 2422 tamon
747 2359 811 2423 nilo
835 2360 938 2425 nunus
960 2360 1018 2424 illa
1041 2357 1202 2434 nranebit,

354 2495 413 2541 nee
435 2474 538 2539 minus
560 2474 615 2539 iile
639 2473 692 2538 diu
716 2473 780 2538 iam
804 2494 870 2538 non
893 2473 971 2556 erit,
990 2493 1029 2539 ex
1054 2473 1209 2539 hodierne

353 2587 474 2653 lumine
498 2587 552 2668 qui
574 2586 667 2652 tinem
691 2588 765 2652 vitai
789 2587 884 2664 feeit,
900 2593 931 2651 et
953 2588 1029 2671 ille,

355 2701 518 2768 mensibus
540 2709 634 2783 atquo
657 2702 750 2768 aunis
774 2687 958 2784 qui'ruultis
982 2703 1099 2768 oceidit
1121 2710 1216 2768 ante.

358 2973 425 3019 1018
444 2969 517 3020 Corte
536 2971 652 3033 equidem
673 2965 687 3036 Η
710 2972 774 3018 1081
793 2969 901 3019 hiantis.
926 2969 939 3038 Η
967 2975 1032 3020 1085
1052 2971 1153 3019 fortuna
1178 2967 1192 3036 ΙΙ
1219 2973 1288 3020 1088
1309 2972 1449 3022 deliberare

359 3061 424 3108 1089
445 3074 576 3122 possumus
