2996 5148
640 393 656 457 1
1159 397 1201 463 29

110 585 167 630 oum
181 565 255 630 vitio
272 563 496 644 eoniuuunm,
513 563 547 626 in
562 584 603 648 v,
620 564 680 628 627
698 588 768 629 eum
781 567 1007 651 posterioribus
1022 569 1127 653 iouis,
1147 588 1201 632 vo·

110 668 215 734 ululis
233 666 317 731 mule
333 663 510 748 distinctis,
527 671 559 730 et
574 666 606 730 iu
622 688 674 750 vr,
690 667 771 732 1138
785 669 962 734 morborum
974 682 1003 734 et
1017 670 1202 755 mortiferae

108 768 390 854 promati'ferai.
407 767 514 832 mullis
537 775 644 834 lamen
668 769 795 859 iudiciis
818 772 968 852 eognosei
992 779 1098 856 polest
1119 771 1202 836 hane

10 901 11 906 ¹
107 871 252 938 scribendi
275 870 434 935 rationem
458 870 534 934 olim
557 873 782 955 multomagis
806 873 839 937 iu
863 894 921 940 usu
946 875 1047 942 fuisse
1068 923 1075 940 .
1096 893 1201 958 neque

10 1009 11 1063 ι
106 975 164 1040 eius
183 976 229 1040 rei
252 972 344 1040 nulla
366 978 441 1037 suut
462 972 496 1036 in
519 975 637 1040 uostris
653 976 789 1040 eliorum
805 977 996 1061 scriptorum
1012 977 1201 1062 exemplari-

10 1116 14 1165 ,
106 1077 155 1141 bns
174 1075 332 1158 vestigia.
350 1073 437 1159 apud
460 1074 646 1142 Ciceronem
671 1077 713 1143 de
735 1077 851 1144 finibus
867 1101 910 1162 n,
927 1079 969 1144 24
991 1080 1067 1146 libri
1090 1099 1201 1146 omnes

9 1222 13 1244 ψ
105 1179 270 1244 rectissime
291 1178 323 1241 iu
348 1176 460 1242 Lucilii
484 1178 630 1245 versibus
658 1180 830 1267 Obapatbe
841 1231 849 1264 ,
874 1196 907 1247 ul
929 1184 1048 1249 iactare
1059 1233 1068 1265 ,
1092 1207 1147 1248 aen
1170 1207 1201 1248 es

10 1308 13 1317 ’
104 1283 171 1346 sata
191 1281 326 1366 capallu'
350 1281 408 1366 qui
427 1280 492 1344 aa!
514 1281 601 1366 apud
609 1282 754 1363 ,eundem
770 1284 803 1348 in
820 1303 914 1350 versu
931 1286 1047 1369 Ennii,
1064 1285 1105 1350 de
1120 1284 1202 1350 divi·

105 1383 223 1448 nstione
231 1405 254 1461 r,
264 1382 315 1465 66,
323 1383 390 1446 Aut
399 1382 456 1445 ubi
464 1379 523 1446 iila
531 1385 630 1469 paulo
639 1400 710 1451 oute
718 1389 845 1472 sopiens
855 1387 1201 1474 sirpiaali'modestiai

103 1485 176 1570 apud
189 1486 319 1550 Festum
331 1505 362 1569 p.
375 1484 439 1548 290
451 1531 458 1564 ,
475 1485 511 1546 11
526 1485 652 1551 Mullori
665 1505 705 1551 ex
718 1488 843 1555 Lueilio
859 1492 894 1556 si
903 1491 1035 1577 suppari
1038 1493 1045 1520 '
1060 1515 1200 1576 suppus,

101 1595 127 1654 el
136 1609 163 1674 p.
174 1589 238 1654 343
249 1637 258 1669 ,
271 1587 310 1650 21
325 1604 365 1650 ex
378 1585 482 1650 Ennio
496 1587 634 1654 Pandite
648 1593 858 1678 saeelqeaios,
871 1593 958 1677 apud
972 1594 1106 1658 Paulum
1118 1613 1150 1677 p.
1160 1594 1202 1658 to

101 1692 276 1779 suips'persos
288 1737 296 1770 ,
310 1688 371 1753 hoe
383 1695 433 1753 est
443 1689 532 1753 sulti'
541 1714 643 1778 penas
655 1741 662 1756 .
676 1700 772 1777 atque
785 1695 931 1760 eomodo
944 1744 951 1777 ,
965 1695 1018 1760 ubi
1034 1715 1076 1760 ue
1087 1715 1201 1762 versus

102 1793 221 1876 quidem
237 1809 420 1856 mensurum
439 1791 535 1856 valde
551 1792 703 1878 adiuvet,
720 1797 751 1862 N
754 1798 846 1862 onius
857 1798 979 1882 puto,
999 1797 1037 1862 18
1050 1817 1089 1862 ex
1102 1798 1201 1864 Aeeio

100 1897 270 1981 Aequisoui
277 1946 285 1977 ,
298 1892 358 1958 hoo
369 1895 592 1981 assequimur
602 1947 611 1980 ,
624 1899 743 1964 stridm
752 1899 878 1986 pelidae
890 1903 1018 1966 molitur
1029 1903 1117 1966 uiues
1129 1948 1136 1963 .
1148 1920 1202 1965 ue·

102 2019 155 2082 que
181 1999 215 2064 id
240 2001 375 2088 mirum,
401 2023 474 2068 oum
497 2000 531 2064 iu
554 2000 699 2066 oratione
722 2021 819 2085 prosa
842 2002 1056 2081 Quintilianus
1079 2004 1202 2069 iustitu-

101 2103 214 2169 tionum
227 2125 261 2166 ιιι
273 2153 281 2188 ,
293 2105 316 2168 4
327 2153 335 2190 ,
348 2107 389 2171 38
402 2103 573 2187 Messalla,
590 2109 626 2168 ut
639 2099 786 2188 ridetur,
802 2111 884 2170 teste
899 2106 1019 2172 referat
1034 2105 1119 2171 idem
1131 2106 1201 2171 Ser-

100 2205 175 2270 rium
201 2207 380 2292 Sulpicium
403 2207 586 2292 asperitatis
609 2206 761 2272 vitandae
784 2227 882 2272 eausa
905 2209 1118 2292 observasse,
1147 2207 1202 2290 qui

98 2309 241 2393 scripsit,
257 2310 319 2374 uisi
334 2310 450 2392 fallor,
467 2311 533 2392 sio,
550 2333 631 2396 quae
643 2308 717 2393 fuit
738 2333 837 2375 eausa
857 2325 885 2376 et
900 2312 1009 2378 Servio
1023 2361 1032 2395 ,
1048 2324 1083 2375 ut
1098 2309 1201 2393 duait,
1232 2375 1234 2380 .

97 2411 321 2478 mbuobeudae
336 2439 351 2477 s
367 2414 510 2478 immae:
532 2431 608 2476 uum
623 2410 710 2494 quod
726 2411 797 2476 libri
814 2412 953 2497 hebent,
969 2428 1004 2478 ut
1018 2415 1093 2479 aaut
1100 2462 1110 2495 ,
1125 2412 1202 2478 ferri

98 2531 155 2576 nou
176 2533 276 2598 posse
298 2522 424 2581 constat
439 2565 446 2578 .
463 2521 560 2597 etque
582 2515 616 2578 iu
638 2514 710 2598 ipso
727 2513 880 2580 Varronis
903 2516 944 2581 de
960 2517 1072 2599 lingue
1087 2515 1203 2580 Latius

99 2611 245 2680 librorum
254 2615 320 2682 'fine
331 2618 535 2683 Florentiuus
547 2615 648 2681 eodex
661 2640 722 2681 nou
738 2619 821 2682 euim
841 2619 966 2704 opufuit
984 2632 1019 2684 ut
1036 2621 1072 2684 iu
1086 2619 1202 2700 suuis,

99 2723 126 2780 el
138 2739 178 2782 ex
193 2719 338 2784 eiusdem
350 2719 552 2785 Parmenone
565 2718 689 2784 Nouius
701 2739 732 2803 p.
745 2719 807 2802 86,
823 2721 861 2784 16
877 2721 962 2786 aluus
977 2721 1135 2786 caballum
1150 2746 1201 2785 ar·

98 2819 167 2884 bori’
181 2845 272 2886 ramo
286 2824 320 2886 ia
336 2823 452 2888 bamili
463 2821 639 2908 odlipalum
655 2821 827 2907 relinquit.
841 2821 954 2888 eodem
966 2824 1129 2907 pertinent
1140 2824 1202 2888 tale

99 2922 214 3004 qualest
224 2925 357 2990 similest
369 2925 496 2990 simibe’s
507 2974 516 3006 ,
533 2943 591 3008 pro
604 2923 679 2988 tabis
691 2973 700 3006 ,
719 2925 825 3010 qualis
837 2939 900 3008 est,
919 2927 1035 2990 similis
1048 2939 1092 2991 est
1106 2931 1138 2990 ot
1149 2949 1201 3012 es,

98 3023 236 3090 nNouio
260 3046 278 3092 e
300 3027 430 3093 oomiois
455 3025 617 3092 veteribus
640 3028 831 3110 consignata
851 3049 883 3113 p.
896 3028 980 3111 221,
1000 3029 1040 3092 14
1063 3028 1143 3110 198,
1160 3028 1200 3093 31

98 3123 156 3189 224
166 3175 176 3210 ,
188 3127 230 3192 23
243 3177 250 3192 .
263 3128 322 3194 sed
334 3128 367 3192 iu
379 3129 527 3194 versibus
541 3147 639 3212 saepo
654 3128 857 3195 utilissimum
875 3138 924 3196 est
937 3149 1047 3196 veram
1062 3149 1201 3214 pronun-

98 3227 192 3293 tiandi
214 3231 373 3296 rationem
396 3231 565 3297 scribendo
590 3231 794 3316 exprimere.
813 3233 921 3316 itaque
944 3233 999 3318 qui
1023 3232 1102 3298 seiel
1124 3232 1201 3297 Ver-

98 3348 201 3394 ronem
217 3331 249 3396 iu
266 3331 457 3399 oholiambis
468 3353 616 3400 severam
629 3333 823 3400 Graecorum
837 3335 943 3418 legem
955 3343 1097 3401 secutum
1111 3353 1201 3418 esse,

99 3449 164 3496 eum
188 3453 316 3500 versum
339 3455 435 3518 quem
451 3436 578 3502 Nonius
593 3436 655 3518 86,
672 3436 714 3500 24
736 3437 962 3520 eSexagessis
978 3439 1078 3504 satire
1093 3443 1201 3523 prolu-

98 3530 132 3594 lit
146 3532 204 3600 hoe
220 3537 316 3602 modo
331 3538 536 3604 scribendum
552 3538 668 3622 duoet,
684 3540 835 3606 Sensibus
848 3539 936 3624 (libri
952 3540 1102 3624 Senibus)
1116 3565 1201 3606 eros-

98 3643 138 3702 u‘s
159 3639 291 3706 bornelli
308 3665 370 3706 uou
392 3640 525 3708 uiduuu’
547 3641 628 3728 quid
638 3642 722 3728 fiat.
740 3659 844 3724 neque
867 3641 895 3707 is
917 3643 971 3725 qui
995 3642 1035 3708 de
1058 3642 1200 3729 discipli·

99 3741 146 3806 nis
161 3761 198 3808 ea
212 3742 343 3827 seripsit
358 3763 440 3826 quae
453 3743 619 3810 Censorini
635 3744 745 3809 libello
761 3743 939 3810 adhaerent
953 3765 985 3829 p.
1000 3747 1061 3830 96,
1078 3747 1093 3809 1
1110 3747 1200 3812 Sota·

98 3842 207 3930 deum,
227 3845 281 3929 qui
297 3851 404 3930 polest
419 3846 514 3912 Ennii
531 3865 623 3930 esse,
645 3846 758 3912 vitium
774 3847 807 3912 in
827 3847 922 3913 tertia
936 3847 1066 3932 syllaba
1081 3848 1200 3915 habere

1 3979 2 4014 ι
99 3944 245 4030 dixisset,
261 3948 288 4013 si
301 3947 506 4014 saliendum
518 3947 670 4034 vidisset,
686 3951 712 4014 I
709 3949 750 4014 Ibe
765 3950 836 4014 ebtu’
851 3963 935 4016 retro
949 3950 1129 4029 reooiditiu
1142 3977 1200 4017 aa·

1 4057 2 4064 ’
99 4061 156 4113 san
171 4055 320 4140 supultus.
336 4051 480 4118 Lucilius
496 4051 634 4117 sortasse
646 4051 735 4117 solus
748 4051 876 4118 Gnaeos
890 4053 1049 4118 voeabula
1063 4079 1080 4118 s
1094 4053 1202 4120 litters

1 4223 2 4238 χ
100 4155 241 4221 lruuosre
257 4175 355 4221 ausus
372 4161 440 4220 ost.
461 4154 611 4220 orarum
625 4155 721 4220 babeo
734 4179 905 4242 perarua,
921 4180 960 4221 ue
974 4157 1201 4223 rbetom'eotero’

100 4263 132 4315 tu
147 4255 207 4340 su,
221 4258 253 4322 in
267 4257 432 4325 Gioerouis
445 4257 486 4322 do
498 4263 626 4322 oratore
638 4277 693 4341 m,
710 4256 767 4322 111
783 4307 790 4322 .
808 4255 873 4322 Hie
884 4271 919 4322 ut
930 4259 1125 4346 muscipulae
1137 4273 1202 4326 teu·

100 4365 149 4418 tae
158 4371 244 4444 atque
255 4359 542 4446 utsoorpio'eaudo
549 4359 690 4442 Sublata,
698 4358 784 4443 apud
794 4360 934 4425 Nonium
945 4380 975 4446 p.
984 4361 1042 4426 181
1056 4361 1118 4427 266
1125 4361 1198 4427 385.

184 4461 249 4526 188.
280 4483 400 4527 ouum
423 4483 573 4534 uussno
596 4463 795 4526 Pnunsrru
818 4485 1028 4541 ounseusr,
1059 4483 1103 4526 ur
1130 4484 1201 4525 ssu

103 4575 501 4649 usr,ssu1seennr0,
530 4565 849 4637 Cuuscnsrusouu
877 4589 995 4631 ansus
1022 4585 1200 4634 ssnvnun.
