3020 5146
556 482 613 546 IlIl

43 655 85 721 iet
104 656 164 734 ila,
180 663 253 722 anto
277 655 388 722 oculus
409 655 506 720 luserit
529 654 580 736 qui
604 653 735 740 dexter,
752 657 785 717 ut
807 652 891 717 idem

43 793 112 836 nunc
132 773 171 836 sit
192 772 321 855 laevus,
339 777 369 836 et
392 791 409 834 e
431 770 527 836 laevo
550 769 590 834 sit
612 774 721 832 mutua
743 768 875 833 dexter.

43 886 69 950 lit
88 907 204 968 quoque
226 886 267 951 de
290 887 421 971 speculo
445 885 478 949 iu
499 884 664 969 speculum
687 889 721 947 ut
742 883 886 948 tradatur
908 885 1035 968 imago,

45 1001 163 1082 quinque
186 1001 281 1067 etiam
305 1007 361 1066 aut
381 1021 439 1066 sex
462 1007 496 1064 ut
517 999 584 1065 fieri
608 1000 780 1066 simulacra
803 1001 941 1065 suerint.

45 1137 102 1178 uam
123 1135 200 1196 quae
222 1135 361 1198 cumque
383 1123 467 1180 retro
489 1123 579 1200 perte
602 1115 752 1180 interiore
777 1113 939 1197 latebunt,

45 1230 104 1294 iude
124 1236 245 1308 minen,
264 1231 411 1312 quamvis
433 1235 512 1294 torte
535 1229 724 1313 penitusque
747 1233 888 1304 remota,

45 1345 131 1408 omnia
151 1364 206 1427 per
227 1343 333 1408 flexos
355 1343 460 1408 aditus
482 1343 597 1410 educte
620 1343 726 1407 licebit
950 1321 952 1324 ⁵

45 1457 167 1539 pluribus
188 1457 271 1523 haec
295 1459 436 1541 speculis
460 1459 626 1524 uocantur
649 1456 681 1520 in
704 1457 841 1522 aedibus
863 1479 954 1523 esse.

46 1576 228 1656 usqueadeo
252 1576 386 1660 speculo
409 1575 441 1638 in
464 1573 628 1658 speculum
650 1548 827 1636 translucet
850 1573 977 1654 imago,

46 1697 69 1752 et
87 1711 147 1754 cum
169 1692 262 1757 laeva
286 1693 363 1755 data
387 1697 455 1764 est,
472 1689 506 1751 lit
529 1709 634 1752 rusum
659 1694 692 1750 ut
714 1687 846 1752 dextera
868 1687 941 1770 liat,

44 1804 103 1868 inde
124 1813 200 1870 retro
223 1825 351 1870 rursum
375 1803 458 1870 rodit
480 1809 512 1868 et
534 1803 728 1868 convertitur
751 1803 884 1868 eodem.

45 1921 103 1998 quin
124 1919 212 1985 etiem
237 1939 325 2002 quac
348 1937 482 1999 cumque
504 1917 664 1982 latuscula
687 1923 759 1982 suut
782 1919 983 2001 speculorum

47 2032 161 2099 adsimili
183 2035 299 2100 lateris
322 2033 443 2099 flexura
464 2032 610 2117 praedite
633 2035 753 2110 nostri,
824 2047 828 2056 '

48 2147 152 2213 dextera
174 2171 211 2215 ca
233 2155 368 2234 propter
390 2149 483 2214 nobis
506 2149 678 2212 simulacra
700 2149 883 2226 remittunt,

53 2271 90 2324 eut
106 2265 170 2344 quia
192 2265 232 2330 dc
257 2263 390 2348 speculo
413 2264 446 2326 in
468 2263 633 2346 speculum
656 2262 844 2328 transfertur
865 2265 995 2348 imago,

54 2373 107 2439 iude
123 2378 158 2442 ed
181 2399 241 2444 nos
265 2377 347 2443 elisa
369 2378 418 2442 bis
441 2377 590 2456 aduolat,
606 2383 661 2442 aut
683 2378 776 2442 etiam
800 2379 884 2460 quod

29 2507 36 2548 r
53 2489 139 2556 circum
160 2495 288 2576 agitur,
306 2513 378 2558 cum
400 2493 505 2576 venit,
521 2493 628 2576 imago
651 2499 822 2576 propterea
844 2493 930 2585 quod

49 2599 110 2669 llere
128 2607 226 2690 figura
250 2609 348 2672 docet
371 2607 491 2692 speculi
515 2607 691 2672 convertier
713 2607 754 2670 ad
777 2627 855 2672 nos.

48 2717 188 2801 indugredi
211 2743 311 2807 porro
334 2722 453 2806 puriter
475 2722 647 2786 simulacra
669 2721 848 2804 pedemque

47 2851 143 2912 ponere
165 2837 333 2902 nobiscum
356 2835 468 2900 credas
490 2842 679 2918 gestumque
704 2837 817 2901 imitari

47 2955 190 3030 propterea
213 2952 313 3033 quia,
330 2949 370 3015 de
393 2951 512 3034 speculi
538 2971 599 3032 qua
622 2957 712 3033 parte
735 2951 889 3035 recedas,

47 3064 170 3130 urutiuuo
193 3070 358 3147 ueqrreunt
380 3063 467 3128 illine
490 3064 658 3129 simulacra
679 3069 814 3149 r·everti;

50 3177 136 3240 omnis
158 3177 416 3260 quandoquidem
442 3180 526 3263 cogit
548 3187 660 3243 natura
683 3179 794 3244 referri

47 3307 74 3349 ac
93 3293 204 3358 resilire
228 3293 273 3358 ab
296 3295 392 3359 rebus
415 3294 457 3358 ad
480 3313 601 3375 aequos
625 3293 750 3358 reddita
772 3293 892 3360 flexus.

77 3402 241 3486 Splendida
265 3429 360 3491 porro
384 3409 466 3474 oculi
490 3409 630 3489 fugitant
651 3409 815 3489 vitantque
838 3411 937 3474 tueri:

46 3517 81 3578 sol
100 3521 187 3585 eliam
211 3529 342 3606 caecat,
359 3531 469 3588 contra
491 3523 516 3586 si
540 3524 670 3588 tendere
693 3544 830 3606 pergas,

46 3639 190 3714 propteroa
213 3637 290 3718 quia
312 3637 361 3702 vis
384 3643 532 3722 magnast
554 3637 675 3720 ipsius,
691 3647 722 3702 et
744 3639 809 3703 alle

47 3751 104 3809 aire
123 3769 176 3832 por
197 3773 312 3835 purum
336 3751 474 3835 graviter
496 3751 669 3816 simulacra
692 3751 837 3817 feruutur

48 3864 70 3916 el
87 3863 191 3928 luriunt
212 3864 343 3948 oculos,
360 3866 522 3942 turbantia
543 3867 793 3948 compositurus.

47 3981 190 4047 praeterea
211 3977 364 4061 splendor
386 3979 440 4060 qui
463 3998 598 4060 cumque
622 3987 670 4044 ost
692 4000 765 4044 acer
788 3980 893 4046 adurit

48 4099 126 4169 Saepe
146 4093 257 4156 oeulos
278 4091 350 4157 ideo
374 4093 461 4176 quod
483 4095 605 4158 semina
628 4085 772 4178 possidet
794 4095 877 4178 ignis

49 4243 224 4265 Ἢ

51 4345 89 4394 tll
106 4349 155 4404 uter
172 4363 200 4404 ut
223 4353 237 4426 Η
265 4359 312 4406 327
333 4367 377 4408 aut
394 4359 534 4412 omissum.
559 4357 573 4428 Η
597 4363 648 4409 328
667 4360 773 4408 latebit.
798 4359 811 4428 Η
838 4363 887 4410 sul
908 4363 1031 4412 conuertit
1054 4362 1067 4432 Η
1093 4367 1141 4414 3·ss

51 4431 126 4486 Flexea
143 4441 156 4506 Η
175 4446 225 4492 304
245 4452 313 4494 tacer
331 4447 442 4496 ardurit.
