3020 5146
559 447 616 510 1111
1090 449 1149 516 119

43 620 108 700 quid
130 619 232 684 cordis
257 619 371 700 globus
394 624 450 683 sut
472 617 584 682 oculi?
600 616 675 699 quid
698 616 871 682 membra?
887 617 964 699 quid
988 617 1105 683 artus?

47 734 186 816 ‹ruantula
207 733 301 798 sunt!
319 731 395 815 quid
417 739 585 824 praeterea
607 731 784 817 primordia
807 751 976 816 quaeque,

46 849 115 911 uude
136 847 245 912 anima
268 853 365 929 utque
388 847 486 912 animi
510 851 634 912 constet
655 852 772 911 natura
794 849 1020 912 necessumst?

45 983 136 1026 norme
156 962 247 1027 vides
270 981 366 1045 quam
390 962 454 1027 siut
475 962 606 1026 subtilia
629 981 790 1044 quamque
813 961 963 1027 minuta?

46 1083 197 1160 praeterea
220 1095 306 1159 quae
329 1089 464 1159 cumque
487 1097 545 1142 suo
569 1076 765 1162 decerpere
788 1077 919 1142 odorem

47 1193 173 1275 expirant
195 1211 326 1276 acrem,
342 1211 505 1274 panaces,
521 1191 684 1257 absinthia
707 1196 829 1275 taetra,

27 1343 29 1364 .
49 1303 262 1387 habrotonique
285 1325 402 1388 graves
425 1313 456 1370 et
477 1306 581 1371 tristia
603 1311 798 1389 centaurea,

46 1439 160 1500 quorum
182 1439 283 1485 unum
306 1419 431 1503 quidvis
454 1421 566 1487 leviter
588 1420 615 1487 si
638 1419 720 1488 forte
743 1419 868 1534 duobus

536 1583 556 1624 ti

505 1768 559 1850 qui
582 1751 713 1831 suimiu‘e
736 1767 825 1831 claro

48 1882 137 1947 cuuis
157 1901 212 1967 per
234 1883 361 1949 sonitus
384 1887 491 1966 arcet,
506 1889 622 1947 terram
637 1933 644 1960 ‚
660 1901 769 1966 mare,
786 1881 931 1947 caelum.

538 2042 557 2081 st

27 2228 108 2307 :quin
127 2229 231 2313 potius
254 2247 372 2293 noscas
395 2247 501 2294 rerum
524 2228 697 2293 simulacra
719 2227 832 2312 vagari

57 2342 130 2406 uuita
148 2342 257 2408 modis
281 2343 410 2422 multis,
427 2343 518 2408 uuila
541 2343 591 2426 vi,
609 2361 765 2424 cassaque
787 2341 912 2407 sensu?

82 2453 141 2542 {Sed
161 2477 203 2524 ue
227 2457 313 2523 sorte
334 2463 428 2544 putes
445 2477 491 2536 ¹ea
514 2455 641 2523 demum
665 2457 734 2522 sola
756 2456 888 2540 vagari,

28 2587 119 2650 >quae
139 2593 276 2656 cumque
298 2573 341 2638 ab
363 2572 459 2637 rebus
480 2593 584 2638 rerum
608 2570 782 2637 simulacra
805 2569 979 2655 recedunt,

52 2693 110 2750 sunt
128 2690 222 2754 etiam
247 2705 332 2770 quae
356 2693 469 2772 sponte
492 2707 550 2753 sua
573 2686 746 2771 gignuntur
768 2691 800 2749 et
820 2685 893 2770 ipss

50 2803 263 2868 constituuntur
285 2803 320 2866 in
342 2801 403 2868 hoe
425 2803 538 2881 caelo,
555 2801 609 2885 qui
632 2800 748 2866 dieitur
770 2806 845 2876 adr,

28 2931 118 2994 cquae
139 2918 245 2984 multis
269 2917 408 2982 formata
430 2915 533 2983 modis
557 2916 693 2982 sublime
716 2913 879 2993 seruntur,

29 3047 95 3094 ,uec
114 3032 251 3117 speciem
275 3037 401 3097 mutare
423 3051 515 3096 suam
537 3031 695 3114 liquentia
717 3035 845 3096 cessant

52 3153 75 3206 et
94 3147 242 3230 cuiusque
265 3146 352 3211 modi
374 3147 546 3212 formarum
568 3152 693 3212 vertere
715 3146 749 3209 iu
772 3165 866 3227 oras;

29 3267 77 3322 rut
95 3261 190 3329 nubes
211 3262 309 3328 facilc
332 3261 415 3326 inter
436 3259 512 3325 dum
535 3277 741 3326 concrescere
763 3260 796 3323 in
820 3259 885 3324 aito

52 3377 189 3442 ceruimus
213 3383 247 3442 et
270 3375 380 3452 muudi
403 3376 543 3461 speciem
566 3375 689 3442 violare
711 3391 878 3458 serenam,

30 3496 115 3554 ra'e'ru
136 3493 310 3558 mulcentes
331 3497 418 3556 motu
431 3517 438 3555 ε
453 3511 527 3556 nam
551 3509 649 3575 saepe
672 3489 846 3571 Gigantum

53 3621 98 3668 ura
116 3607 222 3673 velare
246 3605 395 3671 videntur
416 3613 449 3672 et
470 3606 617 3672 umbram
639 3605 754 3672 ducere
777 3605 863 3687 late,

54 3715 213 3785 interdum
238 3721 346 3804 magni
367 3729 491 3786 montes
515 3721 690 3802 avolsaque
713 3739 795 3785 saxa

55 3835 195 3902 mentibus
218 3843 293 3902 ante
314 3835 360 3900 ire
383 3841 414 3902 et
436 3835 536 3902 solem
560 3834 732 3901 succedere
754 3839 903 3918 praeter,

31 3959 38 4004 r
57 3943 115 4013 iude
136 3950 217 4017 alios
240 3951 365 4016 trahere
388 3957 486 4033 atque
508 3949 659 4014 inducere
681 3948 778 4015 belua
800 3947 925 4014 nimbos
938 3945 968 4033 ,Ι

32 4075 38 4118 t
88 4062 172 4130 Nunc
191 4083 232 4131 ea
255 4085 349 4147 quam
372 4065 458 4131 facili
482 4069 514 4130 et
536 4063 632 4130 celeri
654 4061 778 4129 ratione
800 4067 959 4144 genantur

56 4185 256 4263 perpetuoque
277 4179 379 4246 fluant
401 4181 443 4246 ab
466 4179 562 4246 rebus
583 4179 741 4265 lapsaque
765 4177 881 4245 cedant

56 4327 239 4347 Ἢ·-

60 4421 99 4468 lun
117 4421 203 4475 heras.
225 4423 239 4494 ΙΙ
261 4427 309 4475 148
327 4433 462 4490 geruntur.
