3020 5146
561 443 587 506 V

49 612 81 674 nil
100 617 194 677 tamen
217 617 263 677 est
284 612 366 696 signi
391 613 508 678 mixtas
530 613 670 696 potuisse
694 612 796 677 creari

49 725 113 790 inter
131 746 161 790 se
181 725 315 809 pecudes
338 731 569 810 compactaque
592 726 734 791 membra
757 726 972 810 animantum,

50 847 191 922 propterca
212 840 285 922 quia
305 859 389 923 quac
412 840 451 906 de
474 840 567 906 terris
590 859 673 904 nunc
695 859 823 922 quoque
846 841 1010 906 abundant

49 951 187 1018 herbarum
208 975 327 1038 genera
349 975 387 1020 ac
409 955 519 1038 fruges
539 953 731 1035 arbustaque
754 953 838 1018 laeta

50 1074 208 1132 nontamen
228 1070 309 1136 inter
331 1089 366 1135 sc
387 1075 521 1154 possunt
543 1069 711 1152 complexa
733 1067 856 1146 creari,

51 1182 93 1244 sert
110 1181 151 1246 ris
171 1203 314 1266 quaeque
338 1203 394 1249 suc
417 1183 480 1246 n'tu
501 1181 664 1266 procedit,
682 1189 713 1246 et
735 1201 847 1247 omnes

51 1293 152 1360 loedere
173 1305 305 1364 naturae
328 1303 414 1363 certo
438 1295 624 1362 discrimina
645 1303 796 1361 servant.

83 1409 115 1471 rlt
132 1431 225 1493 genus
247 1412 421 1477 humanum
443 1411 542 1475 multo
565 1408 623 1474 suit
644 1409 723 1474 illud
746 1410 778 1474 in
802 1412 886 1476 arvis

51 1520 151 1600 durius,
165 1531 197 1588 ut
217 1526 342 1610 decuit,
359 1527 455 1592 tellus
478 1523 563 1607 quod
587 1524 669 1588 dura
691 1533 851 1604 creasset,

50 1645 72 1698 el
89 1637 241 1704 maioribus
263 1648 295 1705 ct
318 1639 430 1705 solidis
451 1641 555 1722 magis
578 1639 705 1704 ossibus
728 1639 813 1702 intus

51 1747 202 1836 tundalum,
219 1754 338 1819 validis
360 1760 468 1837 aptum
491 1771 549 1837 per
571 1754 694 1818 viscera
716 1753 843 1828 nervis,

50 1883 93 1927 nec
111 1864 192 1930 lacilc
213 1887 252 1932 cx
275 1873 370 1933 aestu
393 1887 450 1933 nec
472 1866 592 1948 frigore
616 1865 702 1948 quod
725 1874 909 1952 caperetur,

54 1997 94 2042 nec
111 1981 238 2046 novitate
262 1983 326 2047 cibi
350 2001 410 2048 neo
433 1981 498 2046 labi
522 1982 664 2064 corporis
687 1982 774 2046 ulla.

54 2094 181 2178 nulloque
202 2118 259 2180 per
281 2097 405 2162 caelum
430 2096 507 2161 solis
530 2095 691 2160 volventia
714 2095 814 2162 lustra

58 2207 190 2292 volgivago
212 2213 313 2276 vitam
335 2211 516 2276 tractabant
537 2231 625 2274 more
648 2209 807 2275 ferarum.

60 2338 98 2384 nec
111 2325 244 2390 robustus
267 2331 339 2390 erat
361 2325 448 2390 curvi
472 2325 653 2390 moderator
675 2327 774 2390 aratri

59 2435 204 2525 quidnam,
220 2460 280 2506 nec
305 2441 407 2506 scibat
428 2438 512 2504 scrro
535 2439 677 2504 molirier
700 2459 779 2506 arra

55 2565 93 2611 nec
109 2573 181 2618 nova
203 2553 359 2620 defodere
385 2555 417 2618 in
439 2560 558 2620 terram
581 2554 719 2638 virgulta
742 2575 847 2637 neque
868 2555 941 2620 altis

54 2665 185 2734 arboribus
206 2677 336 2734 veteres
359 2669 509 2736 decidere
533 2669 660 2734 falcibu’
684 2691 811 2734 ramos.

51 2779 114 2857 quod
134 2783 176 2848 sol
197 2789 296 2866 atrpue
320 2784 438 2849 imbres
462 2783 636 2867 dederant,
654 2785 740 2866 quod
763 2793 850 2850 terra
873 2789 998 2850 crearat

49 2902 135 2974 sponte
155 2917 231 2982 sua,
248 2897 331 2964 satis
353 2897 387 2962 id
409 2897 560 2982 placabat
581 2907 714 2983 pectora
735 2899 875 2963 donum.

49 3005 215 3082 glandiferas
237 3014 325 3078 inter
348 3014 502 3078 curabant
524 3033 661 3098 corpora
684 3033 820 3094 quercus

49 3117 223 3208 plemmquc:
241 3135 274 3194 ct
299 3149 382 3210 quae
404 3149 489 3194 nunc
510 3130 641 3196 hiberno
665 3135 808 3211 tempore
831 3126 935 3192 cernis

49 3235 126 3302 arbita
145 3243 278 3324 puniceo
304 3241 372 3308 fieri
394 3251 520 3309 matura
543 3246 672 3319 colore,

49 3347 155 3430 plurima
176 3362 240 3422 turn
265 3356 362 3423 tellus
385 3359 480 3424 etiem
503 3358 627 3423 maiora
650 3355 796 3422 screbat.

49 3464 180 3550 multaque
202 3477 375 3556 praetcrea
397 3473 525 3538 novitas
546 3479 612 3536 tum
636 3471 751 3538 florida
773 3469 883 3535 mundi

49 3578 139 3656 pabula
159 3585 239 3651 dura
261 3586 354 3664 tulit,
372 3587 496 3654 miseris
517 3586 704 3651 mortalibus
727 3585 855 3670 ampla.

49 3699 71 3750 at
89 3695 190 3765 sedare
213 3702 300 3766 sitim
323 3701 411 3766 fluvii
434 3704 601 3783 fontesque
623 3701 800 3784 vocabant,

49 3814 69 3864 lt
87 3827 158 3876 nunc
179 3815 341 3880 montibus
362 3835 380 3881 e
402 3817 531 3900 magnis
552 3815 707 3881 decursus
729 3816 827 3897 aquai

49 3915 177 4006 elangitat
198 3930 264 3996 late
288 3929 428 3996 sitientia
450 3931 560 3996 saecla
582 3927 743 3994 ferarum.

50 4027 161 4119 deniqne
182 4049 262 4110 nota
284 4044 360 4129 vagi
384 4043 543 4110 silvestria
564 4045 685 4130 templa
705 4043 856 4108 tenebant

89 4206 219 4220 ---——...

50 4303 87 4354 923
103 4309 145 4360 Sed
163 4315 182 4362 ci
204 4315 216 4380 ll
238 4317 289 4364 925
309 4315 342 4364 Et
360 4311 374 4382 ll
395 4317 445 4366 938
465 4315 550 4365 arari.
571 4312 585 4382 ΙΙ
606 4318 656 4364 984
675 4313 803 4363 mollerier
822 4311 835 4378 ll
859 4317 909 4385 999
928 4316 1039 4380 virgulta
1058 4313 1072 4382 ΙΙ
1092 4317 1142 4368 tot

50 4405 158 4448 crearent.
178 4400 190 4468 ΙΙ
212 4405 263 4452 944
283 4403 340 4452 dire
360 4399 373 4472 ll
394 4405 443 4452 947
463 4402 648 4452 Clericitctiate
669 4399 682 4470 Η
703 4403 753 4450 948
773 4401 844 4472 vagis
