3052 5144
378 477 419 541 68
922 473 952 537 Π

374 662 510 728 corpora
531 643 634 728 prime
658 662 808 717 monere,
826 642 923 708 etiam
946 647 1071 708 secrete
1091 642 1213 726 teporis

373 763 508 824 suntne
531 757 659 842 trigoris
683 756 813 820 omnino
838 755 997 838 calidique
1020 757 1169 841 vaporis,

299 891 349 940 845
375 879 406 938 et
428 873 534 938 sonitu
556 873 668 938 sterile
691 879 723 937 et
744 891 821 936 suco
844 871 949 935 ieiuna
977 869 1143 953 feruntur,

373 1007 434 1052 nec
456 988 576 1052 iaciunt
598 987 698 1050 ullum
717 986 846 1070 proprio
870 985 910 1049 de
934 1003 1068 1069 corpore
1091 985 1242 1050 odorem.

375 1102 457 1167 sicut
478 1101 650 1166 amaracini
674 1099 824 1164 blandum
849 1104 1035 1181 stactaeque
1059 1099 1214 1180 liquorem

376 1224 407 1280 et
428 1215 520 1280 nardi
545 1215 674 1298 florem,
691 1219 803 1280 nectar
826 1213 880 1296 qui
903 1213 1034 1278 neribus
1055 1211 1165 1296 halet,

376 1350 447 1394 cum
470 1329 578 1396 facere
599 1329 767 1403 institues,
785 1347 856 1392 cum
878 1328 989 1412 primis
1012 1345 1173 1425 quaerere·
1189 1347 1252 1411 par
1274 1335 1342 1404 est,

301 1462 352 1509 s5o
378 1464 440 1525 quo
463 1444 503 1507 ad
527 1444 601 1509 licet
623 1465 662 1509 ac
683 1443 767 1528 potis
790 1461 825 1508 es
848 1442 1007 1526 reperire,
1025 1441 1175 1506 inolentis
1199 1442 1274 1506 olivi

377 1565 521 1622 natumm
537 1609 544 1634 ,
560 1559 680 1623 nullam
704 1577 786 1638 quae
809 1557 912 1621 mittat
933 1557 1065 1621 naribus
1087 1577 1223 1640 eurem,

376 1693 470 1754 quam
495 1673 622 1738 minime
646 1679 680 1736 ut
702 1673 802 1757 possit
826 1673 941 1736 mixtos
961 1672 993 1735 in
1017 1691 1149 1755 corpore
1173 1669 1289 1736 odores

377 1793 608 1869 concoctosque
631 1807 689 1852 suo
713 1793 919 1853 contractans
941 1785 1075 1869 perdere
1098 1785 1187 1869 viro,

376 1909 506 1987 propter
526 1901 660 1968 eundem
684 1923 748 1966 rem
774 1900 893 1966 debent
914 1899 1089 1984 primordia
1111 1919 1216 1964 rerum

301 2035 350 2084 855
376 2038 441 2081 non
463 2017 616 2082 adbibere
639 2038 732 2082 suum
755 2015 931 2098 gignundis
953 2015 1049 2080 rebus
1074 2013 1224 2090 odorem,

376 2149 433 2194 nco
457 2133 614 2206 sonitum,
631 2131 783 2214 quoniam
806 2131 849 2195 nil
874 2131 915 2194 ub
939 2149 973 2194 se
997 2129 1121 2194 mittere
1141 2135 1295 2212 possunt,

375 2263 435 2308 nec
458 2245 551 2310 simili
573 2247 698 2312 ratione
722 2267 870 2330 soporem
894 2243 1033 2326 denique
1056 2263 1250 2325 quemquem

377 2377 437 2422 nec
460 2357 561 2444 frigus
584 2379 687 2442 neque
710 2361 785 2424 item
809 2359 948 2425 calidum
970 2357 1178 2442 tepidumque
1201 2378 1375 2442 vaporem.

376 2480 502 2555 ceteru;
520 2494 603 2556 quse
627 2495 697 2540 cum
720 2475 764 2538 ite
788 2481 860 2538 sunt
881 2478 989 2537 tamen
1010 2479 1045 2536 ut
1066 2473 1213 2537 mortalia
1234 2467 1399 2548 consissit,

303 2605 353 2654 oco
377 2587 465 2650 molli
489 2590 596 2672 lenta,
613 2589 745 2670 fragoso
768 2590 871 2672 putri,
889 2609 969 2654 cave
992 2607 1124 2674 corpore
1146 2607 1242 2664 raro,

378 2702 486 2766 omnia
508 2703 572 2767 sint
594 2723 614 2768 a
636 2703 799 2788 principiis
823 2703 966 2769 seiuncta
986 2707 1168 2776 necessest,

378 2815 561 2882 inmortalia
584 2817 611 2882 si
633 2818 779 2883 volumus
803 2818 997 2900 subiungere
1021 2819 1116 2882 rebus

378 2929 603 3016 fundamento,
621 2932 736 3013 quibus
758 2931 877 2996 nitatur
900 2952 1024 2997 summa
1046 2932 1179 3013 salutis3

378 3065 419 3110 ne
441 3047 498 3110 tibi
523 3066 574 3111 res
597 3045 731 3112 redeant
753 3045 793 3109 nd
816 3045 915 3110 nilum
937 3045 1079 3110 funditus
1103 3065 1233 3111 omnes.

303 3179 354 3226 855
422 3160 514 3225 Nunc
536 3181 573 3226 cu
598 3159 680 3242 qua'e
704 3159 823 3224 sentire
844 3159 988 3225 videmus
1011 3179 1146 3242 cumque
1168 3166 1331 3225 necessest

378 3293 419 3338 ex
441 3274 647 3340 insensilibus
669 3281 776 3338 temen
802 3273 908 3338 omnic
930 3275 1099 3339 confiteare

380 3387 543 3471 principiis
566 3396 733 3454 constare.
751 3407 853 3470 neque
877 3389 907 3452 id
933 3387 1115 3454 manufesto
1137 3387 1280 3452 refutant

380 3521 439 3567 nec
462 3508 572 3566 contra
595 3510 757 3586 puguant,
774 3505 805 3568 in
828 3509 978 3587 promptu
1001 3503 1129 3587 cognitu
1152 3521 1233 3584 quae
1256 3509 1350 3586 sunt,

380 3615 437 3680 sed
462 3617 564 3698 magis
587 3617 658 3700 ipse
680 3639 775 3682 manu
799 3617 917 3682 ducunt
938 3624 971 3683 et
993 3617 1265 3700 credcrecogunt

305 3750 356 3798 ero
382 3750 423 3797 ex
444 3731 671 3806 insensilibus,
689 3733 772 3814 quod
796 3732 889 3817 dico,
906 3731 1058 3797 animalia
1079 3732 1188 3814 gigni.

351 3865 355 3872 ·
381 3847 499 3930 quippe
521 3844 631 3910 videre
653 3843 729 3910 licet
751 3847 840 3913 vivos
864 3849 1002 3912 existere
1022 3865 1147 3911 vermes

380 3965 519 4024 stercore
542 3959 581 4024 de
604 3965 726 4038 taetro,
743 3967 887 4045 putorem
910 3981 981 4027 curn
1004 3961 1063 4027 sibi
1086 3967 1180 4026 uncta
1203 3965 1252 4026 est

381 4073 613 4158 intempestivis
636 4097 675 4141 ex
697 4075 852 4140 imbribus
874 4074 981 4140 umida
1003 4075 1118 4158 tellus;

384 4341 434 4390 845
454 4351 531 4390 etune
550 4338 563 4407 Η
584 4341 634 4390 846
653 4342 782 4406 proprium
803 4339 816 4411 ΙΙ
836 4345 887 4393 850
906 4343 981 4405 Quod
1006 4341 1019 4412 ΙΙ
1044 4343 1125 4408 possis
1145 4340 1158 4412 ll
1178 4343 1230 4393 853
1249 4349 1389 4392 contrectes
1409 4329 1421 4402 ll
1438 4321 1474 4376 ⁸⁵⁴

384 4443 437 4479 rem
454 4429 594 4479 omissum.
616 4424 629 4497 Η
650 4429 811 4479 scordotis
830 4427 843 4498 Η
864 4433 914 4479 867
935 4433 1073 4480 consistere
1093 4429 1106 4500 Η
1126 4438 1259 4495 reputent.
1281 4425 1295 4498 ΙΙ
1316 4431 1364 4480 812
1383 4425 1452 4472 instit
