3020 5146
356 455 425 523 1641
904 452 930 517 V

354 623 499 689 sentibus
522 623 680 706 obducat,
697 623 729 687 ni
750 623 799 690 vis
820 623 962 688 bumana
983 624 1112 692 resistat

352 738 429 802 vitan
454 757 552 802 causa
574 737 685 803 valido
708 743 863 804 consueta
885 737 1006 804 bidenti

353 853 514 935 ingemere
538 859 569 916 et
590 857 708 918 terram
731 852 850 936 pressis
873 851 1078 938 proscindere
1100 854 1237 919 aratris.

279 985 329 1034 aro
355 967 381 1032 si
406 987 469 1030 non
491 966 645 1032 fecundas
666 972 829 1034 vertentes
851 987 980 1032 vomere
1003 967 1116 1049 glebas

352 1081 511 1162 terraique
533 1081 636 1146 solum
658 1081 846 1164 subigentes
869 1082 969 1146 cimus
991 1080 1034 1146 ad
1058 1089 1166 1160 ortus,

355 1200 470 1278 sponte
492 1215 550 1259 sua
573 1201 734 1277 nequeant
756 1195 1054 1278 liquidasexistere
1076 1197 1109 1262 in
1131 1218 1254 1276 auras,

354 1314 514 1373 ettamen
536 1309 619 1373 inter
641 1308 715 1372 dum
738 1329 856 1392 magno
881 1312 1027 1392 quaesita
1049 1311 1160 1376 labore

353 1442 424 1488 cum
446 1422 510 1487 iarn
534 1441 592 1506 per
611 1429 715 1490 terras
737 1423 887 1492 frondent
908 1433 1006 1506 atquo
1029 1427 1135 1492 omnia
1156 1425 1298 1511 florent,

278 1555 328 1603 215
353 1544 410 1602 aut
432 1538 536 1602 nimiis
559 1545 658 1603 torret
679 1533 856 1604 fervoribus
877 1539 1037 1604 aetherius
1060 1541 1109 1606 sol

354 1661 408 1718 aut
430 1653 523 1719 subiti
548 1659 714 1738 peremunt
735 1654 846 1720 imbris
869 1654 1063 1736 gelidaeque
1085 1655 1243 1740 pruinae,

353 1767 519 1849 {labraque
541 1775 707 1832 ventorum
730 1767 870 1834 violento
893 1768 1019 1834 turbine
1042 1775 1178 1834 vexant.

353 1888 520 1966 practerea
542 1901 643 1964 genus
667 1881 855 1948 horriferum
880 1887 993 1948 natura
1015 1883 1157 1950 terarum
1215 1955 1219 1964 ,

351 1997 512 2062 burnauao
534 1997 621 2080 genti
643 1996 792 2062 infestum
816 2003 963 2079 unaque
986 1999 1130 2080 marique

279 2131 329 2178 ano
355 2131 409 2178 cur
430 2110 488 2177 alit
510 2117 603 2192 atque
627 2112 749 2193 auget?
766 2130 820 2176 eur
841 2111 917 2175 anni
940 2118 1084 2196 tempora
1107 2113 1240 2178 morbos

353 2227 541 2310 alporlant‘t
558 2243 658 2307 quare
681 2245 765 2292 mors
787 2225 948 2290 inmatura
970 2229 1130 2310 vagatur?

351 2345 417 2404 turn
441 2361 536 2424 porro
559 2361 657 2424 puer,
673 2345 707 2403 ut
729 2344 834 2406 saevis
857 2339 1018 2423 protentus
1041 2340 1200 2406 abundis

353 2454 481 2532 navita,
497 2453 600 2519 nudus
622 2453 709 2518 hunri
732 2453 836 2538 iacet,
853 2453 978 2530 iurfaus,
994 2455 1122 2538 indigus
1145 2456 1232 2520 omni

256 2611 274 2640 .
354 2568 444 2634 vitali
468 2567 608 2652 auxilio,
626 2589 696 2634 cum
720 2568 856 2652 primurn
878 2569 912 2634 in
935 2569 1063 2634 luminis
1085 2588 1161 2635 oras

279 2703 329 2750 aaa
356 2683 483 2747 nixibus
506 2702 545 2747 ex
568 2683 642 2748 alvo
664 2681 775 2747 matris
797 2687 912 2746 natura
934 2682 1097 2767 profudit,

356 2797 528 2878 vagituque
550 2797 654 2864 locum
679 2797 805 2879 lugubri
829 2797 985 2882 complet,
1002 2804 1035 2862 ut
1057 2804 1200 2862 aecumst

354 2910 403 2976 cui
426 2918 546 2976 tantum
571 2911 603 2974 in
626 2912 691 2976 vita
712 2916 810 2976 restet
830 2913 967 2978 transire
990 2913 1164 2976 malorum.

354 3033 387 3090 at
408 3026 515 3091 variae
539 3031 685 3091 crescunt
705 3025 845 3109 pecudes
868 3032 1014 3092 armenta
1035 3025 1207 3110 feraeque,

355 3160 414 3208 nec
436 3139 641 3226 crepitacillis
664 3159 744 3222 opus
766 3145 833 3224 est,
850 3160 911 3206 neo
934 3140 1080 3223 cuiqnam
1102 3141 1327 3208 adhibendast

279 3275 330 3324 nco
355 3257 459 3322 almae
481 3255 612 3320 nutricis
634 3253 756 3319 blanda
778 3261 873 3337 atque
896 3254 1032 3320 infracta
1053 3255 1216 3338 loquella,

355 3389 415 3435 nee
436 3369 541 3434 vanas
564 3377 721 3450 quaerunt
743 3375 848 3436 vestes
871 3390 927 3452 pro
951 3375 1095 3454 tempore
1117 3371 1220 3454 caeli,

353 3484 491 3568 deniquo
514 3503 578 3549 non
600 3485 697 3550 armis
720 3504 801 3568 opus
824 3490 891 3566 est,
909 3505 972 3548 non
995 3470 1161 3550 moenibus
1184 3485 1281 3562 altis,

355 3600 408 3682 qui
431 3619 490 3664 sua
511 3604 669 3682 tutentur,
687 3597 815 3682 quando
839 3599 986 3664 omnibus
1008 3599 1117 3664 omnia
1139 3600 1231 3678 largo

282 3791 286 3804 Ι
353 3715 448 3781 tellus
470 3715 542 3800 ipsu
564 3715 649 3800 parit
671 3719 849 3796 naturaque
872 3712 1012 3778 daedala
1034 3731 1138 3778 rerum
1151 3711 1179 3799 .]

279 3819 329 3896 sas
396 3829 556 3914 Principio
580 3827 729 3911 quonlam
753 3829 849 3894 terrai
873 3847 989 3912 corpus
1012 3834 1044 3892 el
1065 3847 1156 3892 unror

353 3963 566 4026 aurarumque
588 3944 674 4008 leves
697 3943 824 4008 animae
846 3941 1007 4024 calidique
1029 3961 1185 4025 vapores,

352 4077 370 4124 e
393 4058 508 4142 quibus
531 4059 610 4124 baec
632 4077 737 4122 rerum
758 4057 932 4124 consistere
955 4075 1079 4122 summa
1100 4055 1246 4137 videtur,

356 4335 406 4384 208
425 4333 537 4384 (libenti.
562 4331 576 4400 Η
602 4335 652 4382 209
671 4332 749 4383 anis.
776 4329 790 4400 ΙΙ
815 4334 863 4381 211
885 4332 1028 4394 Terraeque
1054 4327 1068 4398 ΙΙ
1093 4330 1143 4380 223
1164 4329 1291 4394 indignus
1319 4331 1336 4404 ΙΙ
1363 4338 1414 4386 22ῖ
1439 4346 1482 4382 mr

354 4421 483 4474 transirest
502 4420 515 4488 Η
537 4423 587 4478 239
606 4421 684 4469 Arme
704 4417 717 4487 Η
738 4420 856 4482 loqucla.
