3020 5146
353 441 414 504 172
898 437 925 501 V

349 605 524 672 seminibus
547 608 708 690 multoque
732 607 897 673 ruiuoribu’
921 617 994 674 suut
1016 610 1181 676 elementis

352 741 446 804 quarn
470 721 584 786 tellus.
600 722 692 798 ideo,
708 741 766 806 por
787 743 861 788 rara
883 723 1061 801 foramina,
1076 730 1182 791 terrac

348 836 493 921 partibus
516 855 687 932 erumpens
709 837 828 920 primus
850 857 885 902 se
908 838 1034 903 sustulit
1055 839 1163 904 aether

350 951 465 1034 ignifer
488 957 520 1016 et
540 951 655 1016 multos
678 970 785 1016 secum
808 951 888 1016 levis
909 952 1042 1017 abstulit
1063 953 1166 1036 ignis,

276 1087 327 1131 roo
352 1085 416 1130 non
439 1065 503 1129 alia
523 1065 619 1149 longe
642 1065 765 1130 ratione
788 1085 825 1131 ac
847 1084 947 1149 saepe
961 1066 1134 1143 uidentur,

351 1198 448 1244 aurea
471 1199 541 1243 cum
563 1179 699 1262 primunr
721 1179 915 1260 gemmantis
935 1199 1008 1244 rore
1030 1199 1090 1264 per
1111 1181 1230 1246 herbas

353 1293 508 1357 matutina
528 1292 643 1358 rubent
663 1292 778 1358 radiati
801 1293 924 1358 lumina
947 1293 1044 1372 solis,

352 1407 483 1472 exulare
504 1406 594 1470 lacus
617 1405 763 1470 nebulam
787 1405 936 1488 fluviique
959 1425 1139 1490 perennes,

248 1574 253 1585 .
352 1521 488 1604 ipsaque
512 1525 545 1583 ut
567 1521 649 1584 inter
670 1519 744 1584 dum
768 1521 863 1586 tellus
887 1519 1010 1585 turnare
1033 1520 1178 1604 videtur;

278 1657 329 1703 toa
354 1634 463 1700 omnia
486 1656 569 1719 quae
592 1649 718 1701 sursum
741 1655 811 1698 cunr
834 1635 1062 1720 conciliantur,
1079 1635 1112 1698 in
1134 1635 1200 1701 alto

354 1769 487 1836 corpore
510 1758 656 1818 concreto
680 1748 853 1815 subtexunt
876 1749 986 1814 nubila
1008 1751 1154 1815 caelum.

355 1865 518 1948 sicigitur
540 1874 606 1930 tum
629 1885 664 1931 se
687 1863 768 1928 levis
789 1883 828 1928 ac
851 1863 1001 1929 diffusilis
1023 1863 1135 1929 aether

350 2000 484 2064 corpore
506 1985 655 2046 concreto
678 1979 795 2046 circum
820 1979 913 2044 datus
935 1977 1077 2061 undique
1098 1978 1188 2044 flexit

352 2101 383 2158 ct
405 2095 471 2160 late
494 2093 627 2160 diffusus
650 2094 683 2158 in
707 2094 810 2160 omnis
832 2091 971 2174 undique
993 2093 1093 2176 partis

277 2229 328 2275 470
352 2209 458 2272 ornnia
482 2208 527 2273 sic
549 2208 644 2272 avido
667 2207 836 2293 complexu
860 2213 965 2272 cetera
987 2208 1126 2290 saepsit.

352 2322 435 2388 huuc
458 2322 591 2388 exordia
614 2328 688 2388 sunt
709 2321 788 2387 solis
810 2313 970 2402 lunaeque
994 2328 1127 2398 secuta,

351 2439 570 2518 interutraque
593 2437 681 2519 globi
705 2454 838 2518 qnorum
861 2440 1025 2500 vertuntur
1047 2437 1079 2500 in
1102 2436 1211 2521 auris;

353 2571 435 2634 quae
458 2571 561 2633 neque
584 2558 668 2616 terra
691 2549 752 2614 sibi
775 2549 910 2614 adscivit
932 2569 991 2616 neo
1012 2550 1171 2616 maximus
1193 2553 1335 2632 aether,

358 2664 444 2748 quod
468 2685 570 2748 neque
593 2673 659 2730 taur
683 2663 808 2730 luerunt
830 2665 942 2744 gravia
963 2671 999 2728 ut
1020 2665 1176 2748 depressa
1198 2666 1383 2752 sederent,

278 2802 328 2849 era
354 2800 414 2845 nec
435 2780 522 2844 levia
545 2785 578 2842 ut
600 2785 732 2863 possent
753 2799 811 2863 per
833 2797 975 2844 summas
996 2779 1099 2845 labier
1121 2801 1216 2864 oras,

353 2901 514 2961 ettamen
537 2895 752 2975 interutraque
775 2894 817 2959 ita
840 2900 935 2970 sunt,
950 2899 985 2958 ut
1007 2913 1141 2978 corpora
1162 2895 1238 2961 viva

353 3016 479 3078 versent
501 3017 533 3076 et
555 3015 664 3095 partes
685 3015 720 3073 ut
743 3009 852 3074 mundi
875 3008 972 3074 totius
995 3013 1124 3088 extent;

353 3126 439 3208 quod
461 3145 563 3210 genus
586 3125 618 3188 in
641 3123 734 3189 nobis
756 3123 914 3206 quaedam
937 3123 1011 3190 licet
1032 3123 1065 3188 in
1088 3124 1224 3189 statione

354 3240 498 3305 membra
522 3259 675 3316 manere,
691 3245 799 3304 tamen
822 3259 894 3304 oum
917 3238 980 3302 sint
1003 3257 1045 3302 ea
1067 3256 1152 3319 quae
1174 3249 1400 3308 moveantur.

279 3376 330 3422 asc
354 3353 404 3419 bis
426 3353 520 3435 igitur
543 3354 639 3420 rebus
662 3354 806 3419 retractis
828 3359 914 3416 terra
937 3359 1086 3436 repente,

354 3487 506 3532 maxuma
528 3489 592 3549 qua
615 3487 699 3533 nunc
722 3487 757 3534 se
779 3467 868 3551 ponti
890 3467 990 3551 plaga
1013 3467 1145 3532 caerula
1167 3465 1292 3551 tendit,

353 3582 486 3648 succidit
509 3591 541 3648 et
563 3583 648 3648 salso
672 3580 803 3648 suffudit
824 3581 950 3666 gurgite
972 3581 1098 3646 fossas.

352 3699 449 3781 inque
472 3697 542 3763 dies
565 3704 683 3780 quanto
707 3698 825 3762 circum
848 3695 952 3776 mags
975 3695 1116 3762 aetheris
1138 3703 1248 3762 aestus

355 3820 386 3878 et
408 3811 489 3877 radii
512 3811 589 3878 solis
613 3813 771 3896 cogebant
793 3809 935 3892 undique
958 3816 1100 3894 terram,

279 3949 329 3995 tas
356 3927 543 3993 verberibus
565 3927 685 3993 crebris
709 3933 849 3991 extrema
872 3945 892 3990 a
914 3923 1023 3990 limini’
1047 3931 1138 4011 parte

359 4235 409 4280 458
423 4243 447 4281 et
467 4231 480 4298 Η
501 4234 552 4281 460
569 4231 697 4280 videmus.
719 4225 732 4297 Η
752 4229 803 4278 463
816 4229 976 4291 Exeluntquc
996 4225 1009 4296 ΙΙ
1029 4229 1081 4277 468
1093 4227 1203 4291 saepsit.
1224 4223 1238 4294 ΙΙ
1258 4231 1311 4277 4ῖῖ
1328 4229 1404 4280 Inter
1416 4241 1481 4278 nna-

357 4333 405 4382 que
426 4315 439 4386 ΙΙ
460 4322 509 4368 476
528 4319 725 4381 interutrasque
744 4313 759 4384 ΙΙ
779 4319 827 4366 481
842 4317 917 4381 plage
939 4312 952 4383 ΙΙ
972 4317 1023 4366 462
1036 4316 1115 4366 salsos
1128 4315 1220 4365 offudit
1241 4313 1254 4382 ΙΙ
1276 4317 1331 4367 465
1352 4320 1388 4368 erl
1403 4318 1479 4368 limina

335 4443 343 4460 .
357 4417 472 4472 partam,
