3052 5150
642 423 676 490 Π
1153 421 1213 487 131

118 599 177 658 ut.
192 593 258 659 Hec
288 595 369 680 cepit
392 593 521 660 Curua
542 593 718 679 Alericque
746 595 842 659 urbe.
857 593 900 658 Et
926 606 1047 658 tautum
1068 606 1216 658 veneratu

116 699 208 760 cirum
218 745 227 778 ,
244 696 327 760 huuc
348 694 460 761 cedula
481 697 695 768 curet.ch
716 695 823 762 ecdem
846 708 918 760 crete
939 695 1032 760 illum
1054 695 1172 781 iupuue
1188 708 1216 760 et

115 797 222 864 tutu
240 797 388 885 fecit.0
413 823 462 864 me
478 797 610 886 felicem
622 821 664 881 ,o
686 822 751 865 uoce
777 799 859 866 milri
878 796 1038 864 caudidc.
1054 795 1120 864 Set
1140 795 1215 862 dum

116 901 211 966 ebert.
227 900 368 966 Reddita
386 913 460 966 eurrt
479 925 548 966 curn
564 899 678 967 cdere.
695 915 779 969 cccto
801 926 876 967 rrum
898 899 1005 967 adest.
1020 899 1112 964 melia
1132 899 1216 966 mili-

116 1013 171 1067 tuu
186 1017 272 1069 octo.
288 1003 374 1068 Dum
395 1001 521 1089 quidem
543 1029 626 1070 uuue
641 1005 729 1070 homo
741 1052 748 1068 .
761 1023 826 1069 uon
848 1001 1049 1089 pronuntiari
1064 1007 1170 1068 aulem
1185 1026 1217 1068 m

115 1104 243 1172 litterum
266 1105 301 1170 iu
324 1105 394 1190 his,
411 1104 479 1185 Qec
501 1131 600 1192 ueque
621 1103 747 1172 taudem
769 1107 915 1190 abutere,
931 1109 1067 1172 testatur
1089 1104 1216 1170 Diome·

115 1206 166 1273 des
179 1228 209 1293 p.
221 1207 308 1274 447.
325 1214 357 1274 et
380 1205 491 1274 Velius
512 1208 644 1292 Longus
666 1231 698 1296 p.
711 1209 795 1275 2238
818 1210 891 1275 Nou
914 1207 1001 1273 uuili
1019 1206 1122 1290 inquit
1143 1229 1215 1293 rpu-
1273 1265 1276 1272 .

114 1310 253 1398 ulcrpirce
276 1334 399 1398 quoque
420 1310 632 1376 cbeervcudae
658 1314 746 1379 circu
768 1311 862 1377 talem
887 1311 1087 1396 scriptionem
1109 1309 1216 1375 eurieti-

114 1425 269 1479 ucceruut
297 1410 393 1496 (uerit
420 1411 550 1478 Verriue
570 1414 721 1501 Flaccus)
745 1427 802 1500 ut,
821 1414 1007 1500 diuumque
1024 1412 1135 1498 pruna
1155 1435 1217 1478 ece

113 1539 140 1580 u
153 1515 258 1584 littera
270 1515 446 1602 finiretur,
464 1539 595 1602 requeue
610 1541 631 1582 a
645 1516 752 1582 ccccli
770 1517 940 1602 inciperet,
955 1534 979 1577 u
993 1537 1056 1579 ucu
1077 1526 1141 1580 tcta
1161 1513 1219 1580 ced
1259 1529 1263 1537 '

112 1641 183 1703 pare
196 1618 290 1684 illiue
301 1619 396 1704 prior
410 1630 530 1684 tautum
544 1619 753 1703 scriberetur,
769 1632 804 1684 ut
818 1631 986 1705 appareret
1001 1619 1142 1704 erpuini
1153 1641 1217 1683 ucrr

114 1717 239 1787 tuere,
265 1718 323 1786 sed
347 1718 565 1798 Quintilianus
581 1741 625 1806 rx,
640 1721 671 1807 4,
687 1721 731 1787 40
752 1723 845 1787 etiarn
867 1721 900 1785 ei
918 1721 1091 1803 scribitur,
1114 1733 1217 1786 tcmeu

112 1845 219 1909 purtem
250 1823 464 1910 exprimitur,
488 1823 565 1891 adeo
591 1837 626 1890 ut
647 1847 749 1911 paeue
777 1821 942 1889 cuiuedum
969 1846 1068 1888 nocue
1095 1823 1217 1888 litterae

113 1949 214 1998 acuum
235 1924 372 1992 reddat:
394 1949 492 2013 reque
514 1927 596 1992 euim
622 1928 794 2010 miniter,
817 1923 874 1991 ced
893 1925 1078 1990 obscuratur
1100 1937 1128 1990 et
1149 1937 1217 1990 tcu-

114 2040 173 2094 um
192 2029 307 2116 cle'quu
328 2030 412 2094 r'rrter
433 2027 515 2094 duce
536 2029 658 2095 vocclce
679 2043 754 2095 uota
776 2041 841 2106 eet,
855 2052 894 2094 ue
916 2028 1006 2114 rpeac
1028 2037 1154 2092 coierit.

190 2132 264 2200 998.
287 2152 461 2196 innuere
477 2127 1216 2212 eaelumcorrectorquedretieteeteri.

14 2309 15 2322 ,
194 2235 288 2302 1000.
312 2253 411 2306 Quor>
433 2255 562 2299 mestre
577 2257 623 2298 rx
643 2255 827 2299 reperere
850 2253 952 2300 orere.
970 2229 1068 2317 Apud
1082 2231 1218 2298 Luctan-

14 2351 15 2428 ,
114 2335 185 2402 tium
208 2337 310 2404 instit.
334 2357 390 2420 vu,
409 2336 492 2421 12,5
509 2335 599 2404 Oete
623 2335 706 2404 idem
736 2351 819 2403 retro
835 2373 923 2384 --
940 2336 981 2401 Iu
1005 2348 1143 2402 terram:
1162 2333 1219 2401 ced

14 2431 16 2518 ἐ
115 2438 346 2526 quodureeuu
366 2461 451 2504 uer.

194 2543 287 2610 1001.
311 2562 508 2609 euterun.
524 2541 620 2628 Apud
636 2541 836 2609 Laurentium
853 2539 897 2606 Id
916 2565 1030 2606 rureue
1051 2540 1136 2607 ccel'
1150 2539 1217 2623 ful-

113 2647 213 2734 peutia
234 2645 352 2733 templa
369 2657 547 2732 receptent.

196 2747 288 2817 1002.
316 2747 397 2813 Nec
424 2767 485 2811 erc
512 2769 718 2814 rurrnrurr
749 2770 845 2815 uoee
871 2770 916 2814 ur
941 2767 1006 2812 urs
1031 2766 1218 2812 uerrere.

15 2935 16 2938 Ἴ
117 2849 265 2918 Marullus
286 2873 371 2916 mere
392 2869 478 2934 ree,
493 2869 539 2914 ur
561 2853 728 2918 materiei.

196 2952 289 3021 1004.
314 2955 404 3018 que
426 2973 526 3016 curre
549 2974 663 3018 Arrun
687 2974 890 3020 couruuerr
912 2972 959 3016 rr
980 2971 1127 3016 rrrrcrr
1150 2970 1217 3014 orr-

117 3075 176 3118 ure
198 3055 273 3121 Rue
305 3076 370 3119 rre
397 3075 640 3119 corruerem
662 3057 953 3140 renuis.Neque
980 3067 1014 3120 ut
1040 3054 1220 3122 coniunctio

118 3157 226 3225 ebeeee
248 3163 375 3243 potest,
391 3177 498 3243 neque
521 3183 606 3225 more
634 3179 675 3226 ee
702 3179 785 3245 quae
807 3159 944 3247 peremit
964 3157 1134 3224 restituere
1155 3156 1220 3224 dici

118 3266 218 3342 potest
246 3259 309 3327 nisi
339 3279 398 3346 per
424 3261 556 3327 technae
585 3262 626 3329 ub
653 3261 714 3330 hoc
740 3267 838 3348 polla
865 3261 1014 3344 alienae3
1041 3260 1095 3345 qui
1122 3259 1227 3346 scrip.

118 3361 194 3430 nicee
217 3361 399 3432 censendus
421 3370 471 3430 eet
492 3363 573 3431 Iride
594 3366 670 3432 eliel
691 3365 786 3432 uliud
805 3385 1080 3449 couruuerrun,
1095 3385 1139 3428 rr
1162 3385 1221 3428 err

119 3485 159 3528 ur
176 3489 300 3534 urerer.
682 3535 686 3544 ,

202 3569 292 3637 1001.
317 3590 442 3635 runnu
464 3591 674 3638 ruruorure
697 3593 844 3637 erruu.
867 3571 906 3638 Iu
927 3570 1010 3638 libro
1031 3570 1135 3657 primo
1158 3570 1220 3638 811

120 3669 178 3737 908
200 3693 325 3736 renen
340 3673 543 3760 pniuordr'a,
558 3674 668 3760 ireque
690 3673 742 3742 hic
763 3674 943 3741 Aventius.

203 3777 294 3842 1010.
325 3776 430 3842 Neve
459 3798 572 3842 rurus
602 3799 771 3842 uererer
797 3798 915 3842 erues
945 3797 1130 3842 apernere
1157 3797 1222 3842 ro·

121 3895 223 3940 resse
237 3877 415 3944 Ocuroee
431 3901 566 3967 reme,
582 3902 684 3953 cnon
700 3903 739 3944 ru
754 3901 889 3945 suuurs
910 3901 1095 3945 reurrere
1118 3900 1223 3942 vrcu-

121 3997 186 4044 uus
201 3980 324 4046 Renes
338 4030 346 4046 .
358 3981 449 4048 Haec
463 4001 578 4050 curere
594 3983 757 4052 debemue'
769 4004 811 4050 ne
826 3983 867 4050 de
889 3983 986 4050 idolis
1008 3982 1222 4068 accipiemus,

122 4099 250 4163 quorum
270 4085 391 4150 mentio
413 4084 476 4151 huc
496 4105 562 4151 nen
585 4087 745 4172 pertinet,
766 4086 824 4152 scd
847 4085 890 4152 ed
913 4085 1031 4152 librum
1053 4091 1222 4170 quartum.

123 4188 214 4266 pella
237 4193 363 4254 atomos
392 4195 492 4272 negat
514 4213 612 4275 peuce
638 4202 766 4256 cuma
795 4196 827 4256 et
854 4187 1049 4276 immortalia
1080 4187 1225 4256 recidere

123 4301 232 4366 poree:
247 4288 366 4356 debere
395 4289 480 4356 enim
502 4294 609 4358 omnic
627 4294 735 4381 perire
757 4291 832 4378 (hoc
854 4297 905 4357 eet
929 4291 963 4356 in
985 4311 1082 4358 versu
1106 4291 1224 4377 1139),

125 4387 205 4468 quod
220 4391 324 4476 fluere
351 4405 445 4480 utque
470 4394 614 4462 recedere
636 4418 769 4481 corpora
789 4395 882 4460 rehtu
904 4393 1010 4460 Multa
1031 4399 1174 4475 constet,
1190 4398 1225 4457 ut

126 4485 196 4556 licit
209 4512 302 4561 vereu
319 4493 402 4561 1128
416 4545 424 4580 ,
440 4500 473 4562 et
487 4497 588 4564 multe
599 4495 773 4564 accedere.
789 4515 869 4582 ergo
884 4496 944 4562 ille
958 4497 1057 4562 multa
1071 4515 1224 4580 corpora,

128 4607 204 4670 quae
232 4595 386 4662 recedunt
412 4597 509 4664 rebus
535 4605 568 4664 et
594 4599 752 4666 accedunt
766 4651 774 4686 ,
787 4601 921 4688 fluitare
948 4606 1034 4666 recte
1056 4597 1223 4679 dicuntur,
1251 4597 1258 4610 '

978 4701 1024 4768 9*
