3036 5150
315 359 358 426 64
863 361 878 425 Ι

312 532 399 616 faeta
415 532 560 617 repperi,
575 549 647 596 meo
664 529 749 598 sueto
765 531 908 618 repperi,
935 531 1011 596 item
1027 531 1059 595 io
1075 531 1267 598 Truculento
1282 553 1319 614 ιι,
1331 531 1362 614 3,
1372 529 1409 594 22

315 635 391 698 Post
396 633 525 720 foetum
532 633 672 718 plector,
687 634 838 701 videlieet
849 655 953 700 meum
967 683 974 717 ,
988 653 1051 699 noo
1065 633 1206 700 alienum
1220 683 1227 698 .
1240 635 1273 698 iu
1284 651 1410 719 persona

315 736 458 802 secunde
467 735 548 800 Hem
561 735 637 800 esraa
647 763 695 803 me
703 738 790 821 facto
803 739 863 804 tr'Ire'
872 737 1017 802 decimati
1025 737 1058 802 in
1069 736 1219 802 Asinaria
1231 758 1261 820 v,
1275 738 1302 818 1,
1315 736 1351 800 21
1364 785 1371 800 .
1382 735 1410 798 iu

315 857 455 924 persona
470 837 585 918 tertie,
602 839 635 902 in
651 839 764 906 eedem
782 840 893 906 fabule
907 861 938 919 v,
951 841 980 918 2,
997 839 1036 904 12
1062 839 1174 902 Verum
1189 839 1340 924 lroofoeto
1353 861 1412 901 sere

315 941 467 1022 ostendit,
481 940 616 1022 eoquod
632 940 707 1006 seuit
719 966 727 1027 ;
739 944 770 1008 in
785 943 930 1028 Captivis
941 963 975 1024 ιι,
988 942 1018 1024 2,
1030 942 1072 1007 53
1089 941 1224 1004 Memr'ru'
1236 965 1326 1027 quom
1340 939 1413 1004 deero

317 1047 393 1110 taut
407 1043 542 1109 audebat
554 1043 663 1128 „facto
679 1071 761 1110 rrrme
777 1046 882 1110 laedar
898 1047 970 1110 licet
987 1094 994 1110 .
1011 1043 1096 1108 idem
1113 1042 1300 1127 plerumque
1314 1042 1411 1107 obser-

316 1147 452 1212 veturio
466 1146 744 1232 impersonalibus,
753 1155 793 1212 ut
806 1149 838 1212 in
852 1145 1066 1212 Bacchidibus
1079 1167 1120 1228 rr,
1133 1147 1164 1229 9,
1176 1146 1218 1210 93
1230 1147 1412 1210 Persuasum

317 1263 360 1316 est
369 1249 485 1335 facere
500 1249 590 1312 euim
602 1274 649 1314 me
661 1275 744 1315 nuuc
751 1250 966 1337 sorripudet,
986 1250 1017 1314 in
1029 1249 1215 1314 Trinummo
1229 1270 1249 1332 1,
1263 1249 1291 1332 2,
1304 1249 1351 1313 96
1360 1248 1412 1312 De

317 1353 397 1417 diser·
405 1365 568 1436 uryeotum
577 1351 739 1437 isaacum:
750 1354 1049 1439 oequefaetipr'qet,
1063 1351 1095 1414 in
1109 1351 1286 1415 Mercatore
1297 1371 1326 1434 v,
1337 1350 1365 1432 4,
1377 1349 1413 1412 24

316 1454 429 1520 Itidem
440 1468 473 1517 ut
481 1467 601 1540 tempus
611 1457 697 1536 aurei,
707 1469 837 1520 aetatem
846 1456 944 1520 aliam
952 1453 1172 1540 alr’udfaetum
1184 1453 1326 1518 coudecet
1333 1453 1412 1536 (libri

315 1559 467 1636 eooveru’r)
477 1577 485 1638 ς
497 1576 561 1620 uon
574 1563 680 1622 temen
694 1578 820 1642 semper
834 1581 841 1622 ε
855 1558 1025 1623 Terentius
1037 1557 1068 1620 in
1081 1555 1210 1640 Hecyra
1221 1577 1264 1636 ιν,
1277 1561 1306 1638 4,
1319 1555 1359 1622 24
1370 1580 1413 1620 ue

316 1683 394 1748 queo
406 1661 499 1740 sotus,
513 1659 613 1738 eram
625 1661 680 1724 troc
691 1659 1037 1745 mr'lze'ur'deturfaetum
1046 1683 1159 1744 prave,
1170 1659 1321 1744 proloqui
1329 1707 1336 1722 .
1349 1659 1413 1723 Nor

315 1765 375 1827 rici
384 1761 596 1848 r'lludfaetum
607 1763 712 1826 mrmrrs
721 1762 924 1847 placetquam
933 1762 1020 1843 milri,
1032 1761 1153 1843 Lache,
1165 1761 1365 1826 Lucretiusiu
1373 1782 1411 1842 ιιι,

315 1865 378 1930 850
398 1865 463 1929 Nec
470 1913 479 1945 ,
495 1865 527 1928 se'
539 1866 699 1930 materiem
714 1877 853 1928 roseam
867 1864 1027 1948 collocarit
1041 1877 1143 1944 aeras,
1162 1862 1323 1928 Pertioeat
1336 1866 1412 1950 quic·

315 1991 409 2052 quam
421 1979 523 2030 tomen
536 1965 582 2030 ad
591 1991 648 2032 uos
659 1967 714 2031 hoo
727 1966 980 2053 quoquefartum
992 2013 999 2028 .
1012 1963 1167 2050 ambigue
1176 1963 1279 2030 rideri
1289 1971 1414 2050 possunt

314 2087 398 2151 quae
411 2068 441 2132 io
453 2087 610 2151 suspenso
621 2071 780 2134 sententia
790 2075 880 2152 suut,
893 2075 927 2134 ut
940 2068 973 2132 io
987 2067 1129 2132 Poenulo
1142 2087 1163 2148 1,
1178 2068 1204 2148 l,
1215 2067 1257 2132 69
1271 2068 1412 2132 Tutiam-

314 2170 435 2234 cultabo
448 2219 454 2234 .
462 2171 589 2255 fassam
607 2172 739 2258 utfarto
751 2172 910 2258 qoudeas:
926 2169 983 2236 sed
1000 2169 1033 2233 in
1049 2169 1167 2234 talibus
1179 2187 1337 2254 suspensa
1349 2169 1413 2234 sole

314 2271 492 2356 spectanda
507 2279 599 2352 sunt,
616 2273 747 2358 urfoeta
757 2273 921 2358 ¹(recaderus,
938 2273 997 2338 troc
1010 2277 1058 2338 est
1070 2279 1140 2356 tuo,
1157 2277 1189 2336 et
1200 2272 1232 2335 in
1246 2272 1412 2337 Mercatore
1502 2305 1503 2370 4

313 2396 346 2452 ιι,
359 2375 387 2456 2,
400 2374 439 2440 61
466 2389 498 2438 ut
520 2400 559 2440 ree
582 2375 765 2442 deterrerem
787 2391 890 2442 tuanen
906 2377 975 2441 Hoc
980 2376 1074 2461 facto
1089 2374 1207 2456 clueas,
1232 2373 1412 2439 deteriorem

314 2475 374 2540 hoc
390 2475 474 2541 iacto
490 2497 547 2542 suo
562 2500 569 2560 ς
586 2478 617 2542 in
630 2478 732 2544 Milite
743 2501 786 2564 ιν,
800 2480 829 2562 8,
842 2479 885 2545 64
900 2480 982 2543 Arete
995 2478 1350 2564 hoefoetumltuncsum
1366 2501 1411 2540 ar-

313 2579 446 2642 bitratus
457 2605 579 2665 semper
590 2605 710 2646 servom
719 2605 900 2667 pessumum
912 2631 920 2664 ,
933 2578 1018 2644 hune
1029 2586 1103 2644 ente
1115 2598 1211 2662 quam
1223 2579 1283 2644 hoc
1296 2578 1411 2644 lacinus

314 2679 455 2764 laceret,
479 2682 511 2746 in
528 2681 713 2748 Cistellaria
729 2706 749 2766 1,
768 2685 799 2766 3,
819 2686 858 2750 16
874 2685 1029 2764 Quoniam
1044 2707 1132 2748 reum
1148 2683 1313 2768 er'osfactr‘
1323 2681 1411 2746 umori

313 2785 372 2868 qui
383 2785 441 2848 sier
453 2833 460 2847 .
473 2784 506 2848 in
522 2785 635 2850 horum
651 2793 812 2871 postremo
828 2795 940 2852 auctor
956 2785 1031 2851 faeti
1048 2785 1187 2850 incertus
1203 2791 1270 2868 est,
1287 2786 1318 2850 iu
1337 2782 1409 2866 Ceu
1501 2859 1502 2876 ,

313 2886 388 2950 tivis
400 2908 434 2971 ιι,
447 2887 476 2970 2,
493 2889 553 2954 102
564 2889 730 2973 reticetur,
748 2891 850 2969 Quam
865 2891 1022 2954 citrssume
1035 2901 1154 2974 potest,
1171 2901 1234 2952 tom
1244 2889 1298 2953 loe
1312 2884 1409 2950 cedere
1501 2881 1502 2970 l

311 2989 486 3075 adsacrum
496 2991 564 3056 volo
576 3041 583 3057 .
596 2993 791 3058 conveniunt
803 3011 873 3056 oum
886 2990 936 3057 his
952 2989 1150 3072 Horatiana,
1164 2989 1367 3075 epistularum
1378 3008 1406 3069 ιι,

312 3093 341 3174 2,
354 3092 396 3157 32
414 3093 530 3158 Clarus
543 3095 579 3158 ab
591 3095 777 3180 r'dfaorum,
795 3114 900 3178 suum,
917 3095 991 3160 item
1006 3093 1217 3178 epistularum
1229 3114 1249 3177 ι,
1262 3093 1291 3175 2,
1302 3092 1342 3156 40
1354 3090 1406 3153 Di-

312 3194 539 3282 mr'driemfoetr'
550 3199 610 3282 qui
621 3199 719 3282 coepit
734 3197 842 3280 lohet,
866 3203 897 3263 et
912 3215 1094 3264 sermonum
1108 3217 1130 3279 1,
1142 3197 1172 3277 6,
1185 3195 1228 3260 84
1246 3193 1404 3281 pudr'oum,

312 3297 511 3382 Qreiprr'rnus
519 3301 644 3364 cr'rtutr'o
655 3301 751 3365 homos
758 3349 766 3382 ,
782 3301 918 3365 servavit
930 3299 969 3362 ab
980 3299 1069 3363 omni
1076 3298 1149 3362 Nou
1160 3297 1350 3383 solumsacto
1363 3315 1404 3356 ce-

310 3423 381 3462 rum
393 3402 560 3485 opprobrio
572 3425 693 3489 quoque
705 3405 812 3489 turpi,
828 3401 980 3488 pudicum
992 3419 1043 3466 me
1054 3419 1076 3464 e
1088 3399 1173 3465 tuoto
1186 3400 1269 3464 omni
1285 3415 1343 3481 quo
1357 3395 1404 3458 iro·

311 3499 446 3584 pudieus
461 3500 570 3568 fierem
584 3553 590 3568 .
604 3505 637 3568 in
654 3505 819 3571 cultiorem
835 3511 943 3570 autem
958 3503 1073 3588 poesin
1090 3521 1154 3567 noo
1171 3500 1344 3568 admittitur
1357 3498 1403 3560 loc
1500 3553 1501 3566 ι

308 3603 396 3684 fuero
405 3653 414 3686 ,
436 3605 613 3690 rarefacta,
634 3607 814 3692 quofaeto,
838 3606 1005 3672 rarissime
1019 3604 1226 3691 suntfactum
1237 3605 1311 3686 loo,
1332 3594 1405 3687 qrrori

310 3706 591 3790 memorosfactum
604 3711 685 3774 Aen.
696 3729 738 3792 rr,
754 3711 823 3786 109,
837 3708 1010 3792 taurifoote'
1020 3709 1100 3772 Aen.
1111 3729 1166 3790 ιιιι,
1177 3707 1240 3772 232
1253 3755 1260 3789 ,
1272 3729 1318 3770 me
1328 3699 1402 3766 rullo

305 3805 415 3891 saara,
439 3809 561 3874 scilicet
583 3831 675 3896 meo,
699 3809 787 3896 opud
810 3810 1009 3895 Propertium
1026 3830 1068 3891 ιι,
1085 3811 1114 3894 6,
1132 3809 1170 3873 21
1190 3857 1198 3875 .
1220 3831 1260 3876 ne
1283 3803 1402 3873 Ovidius

311 3906 459 3992 quidem,
483 3913 538 3994 qui
561 3913 594 3978 in
618 3913 677 3980 hoe
699 3913 857 3980 vocabulo
873 3913 991 3977 nimius
1008 3917 1075 3994 est,
1089 3911 1184 3998 fuero
1205 3912 1260 3978 illo
1283 3908 1358 3976 dixit
1376 3903 1402 3967 io

311 4017 436 4077 melam.
454 4034 495 4098 vr,
507 4015 580 4098 411,
597 4017 776 4104 impositum
791 4029 912 4082 ustrou
927 4015 1136 4100 comparentis
1150 4016 1186 4080 r'rr
1201 4039 1292 4080 usum
1306 4009 1403 4078 Pseu

311 4113 405 4195 ebur,
417 4115 571 4203 factoque
587 4119 702 4205 Pelops
714 4121 787 4206 fuit
809 4120 929 4203 iuteqor
950 4117 1007 4182 illo
1019 4165 1028 4200 ,
1051 4117 1109 4182 sed
1122 4117 1217 4203 facto
1240 4119 1325 4184 ebore
1339 4161 1346 4178 .
1360 4111 1402 4176 hit

310 4223 416 4281 tomen
433 4216 529 4284 habet
544 4220 703 4302 quaedam
720 4241 741 4287 a
755 4221 920 4306 plerisque
940 4224 1069 4304 spreto,
1093 4226 1128 4284 ut
1149 4220 1217 4300 Quo
1232 4221 1400 4304 memr'pou

309 4342 383 4382 rrum
393 4317 512 4404 faceo?
535 4329 661 4388 metam.
674 4345 719 4407 ιιι,
734 4323 814 4408 6543
841 4321 908 4401 Quo
924 4334 979 4386 tuo
993 4345 1056 4387 uon
1064 4336 1201 4408 possum
1216 4321 1332 4410 offendi
1339 4339 1400 4405 peo-

310 4421 473 4508 torrefacto
477 4473 486 4506 ,
496 4425 645 4490 Forsitan
654 4427 709 4490 eoa
721 4427 785 4491 alio
796 4423 902 4490 iudice
913 4424 1031 4490 errineu
1045 4424 1164 4507 err’t,'iu
1176 4423 1323 4490 remediis
1333 4417 1400 4498 421;

299 4522 392 4607 facto
402 4525 481 4609 pius
496 4539 524 4592 et
544 4527 713 4592 sceleratus
733 4527 857 4612 eodem,
878 4533 1004 4592 metum.
1021 4549 1074 4612 ιιι,
1090 4527 1111 4594 5
1128 4547 1176 4610 rx,
1193 4527 1271 4609 4083
1293 4541 1401 4609 unoque
