3110 5146
305 352 369 417 406
841 347 886 414 vt

307 524 465 610 Glycera.
481 540 586 604 neque
608 521 767 586 ambracia
789 517 883 605 quasi
903 517 1054 583 Latinum
1074 517 1165 582 hrevi
1188 543 1208 582 a
1230 517 1313 584 elisa
1334 518 1422 602 quis·

306 645 403 710 quam
419 624 547 708 posuit,
561 643 625 687 non
647 622 753 706 magis
769 641 866 706 quum
881 621 1016 687 lrirwrs’a
1030 621 1082 687 vel
1098 621 1231 707 saphra.
1247 640 1323 686 nam
1339 621 1422 688 Con-

306 727 405 793 radus
421 725 637 792 Schneiderus
659 725 731 810 ipso
754 726 816 790 sibi
839 729 952 790 auctor
974 729 1042 809 ost,
1066 741 1139 788 cum
1161 721 1241 790 dioit
1262 723 1296 789 in
1314 743 1422 806 gram·

306 831 425 895 matiea
439 829 558 893 Latina
572 849 603 912 p.
618 827 659 892 28
675 851 696 891 a
710 832 859 910 correpta
873 827 1007 892 tharra
1022 831 1054 894 et
1067 839 1157 892 stoa.
1173 827 1308 892 ls‘rwrt'a
1323 825 1373 892 his
1389 826 1422 890 iu

306 931 498 1016 pentametri
520 932 608 995 exitu
624 928 810 1014 Propertius
826 928 1018 1014 (Ausonium
1039 931 1126 996 enim
1148 949 1212 996 non
1228 926 1330 1012 curo),
1353 941 1423 994 stoa

307 1035 412 1099 nullus
429 1033 567 1117 scriptor
581 1032 716 1096 Latinus
731 1051 809 1097 usus
825 1037 894 1098 est:
914 1056 1001 1119 pyra
1010 1081 1020 1115 ,
1043 1031 1131 1116 quod
1146 1030 1275 1098 tertium
1289 1029 1422 1096 Schnei-

307 1137 403 1202 derus
426 1136 552 1220 posuit,
576 1125 732 1220 corripuit
753 1135 945 1219 epitomator
959 1133 1082 1200 Iliados
1101 1132 1203 1200 1003.
1226 1131 1328 1216 Gela,
1344 1134 1422 1200 item

306 1241 463 1316 Himera,
486 1237 647 1322 corripere
662 1236 760 1302 Silius
784 1255 880 1302 ausus
902 1237 998 1302 estin
1014 1257 1080 1319 xtr,
1092 1237 1155 1302 218
1170 1235 1253 1318 233,
1269 1235 1423 1302 Phaedra

307 1349 339 1407 et
353 1342 483 1406 Electra
499 1341 641 1424 Seneca,
658 1338 743 1404 idern
759 1339 911 1406 Oechalia
925 1341 958 1406 in
974 1339 1114 1406 Hercule
1127 1339 1231 1405 altero
1244 1338 1330 1422 422,
1348 1357 1423 1404 cnm

306 1450 414 1509 tamen
430 1445 565 1530 Megara
580 1442 613 1506 in
628 1441 755 1507 furente
770 1443 833 1507 203
852 1443 933 1510 1009
949 1441 1076 1510 Graeco
1099 1461 1189 1508 moro
1202 1441 1336 1525 efferat3
1361 1441 1423 1506 La·

305 1547 373 1611 tina
394 1564 547 1610 mensura
569 1545 671 1630 alapia
693 1544 815 1610 Statius
839 1551 871 1610 et
893 1544 1074 1611 Martialis.
1100 1543 1189 1628 quod
1211 1549 1323 1610 contra
1347 1543 1424 1611 Oti·

306 1647 401 1732 dius,
425 1667 496 1712 cum
517 1647 651 1730 corripit
663 1647 731 1712 Dia
750 1646 783 1711 in
803 1653 873 1713 arte
887 1668 909 1732 1,
921 1647 1005 1732 028,
1022 1647 1107 1714 male
1122 1647 1221 1730 vulgo
1237 1641 1308 1713 Aia
1323 1647 1422 1714 scribi

306 1749 463 1816 ostensu:
486 1750 637 1832 tuamque
660 1767 730 1814 aum
753 1750 859 1815 Ascra
882 1750 962 1815 urst
983 1775 1004 1816 a
1026 1749 1140 1834 erari,
1162 1735 1297 1816 01001
1320 1749 1423 1816 erae

306 1873 379 1918 oum
393 1844 537 1939 Ἄσκρη,
560 1849 603 1917 (10
625 1869 689 1936 quo
712 1849 794 1916 dixit
809 1850 989 1918 Meinckius
1011 1853 1054 1919 ad
1076 1852 1275 1937 Stephanum
1296 1852 1423 1938 Byzan·

305 1956 383 2021 tium
406 1976 437 2043 p.
459 1955 528 2037 133,
550 1953 610 2020 12.
632 1973 737 2036 nequo
760 1951 896 2020 Ovidius
919 1955 1060 2021 seribere
1083 1955 1187 2041 potuit
1207 1953 1293 2038 quod
1316 1961 1369 2020 est
1390 1955 1422 2020 in

306 2057 446 2142 epistula
460 2077 537 2139 xvu,
557 2055 618 2122 150
632 2055 751 2121 rettulit
766 2055 887 2120 Aethra
901 2058 984 2124 milti
990 2106 1000 2140 ,
1021 2064 1054 2122 et
1067 2057 1189 2124 ibidem
1204 2058 1246 2124 55
1261 2059 1330 2122 Dot
1344 2057 1427 2122 ms'ltt'

307 2159 398 2225 Leda
420 2157 524 2223 Iovem
535 2208 544 2242 ,
567 2165 599 2224 et
621 2158 654 2224 iu
676 2177 744 2240 vsu,
757 2157 798 2222 18
821 2158 913 2224 Leda
935 2185 1088 2247 suamque
1112 2162 1236 2228 lovan.
1259 2157 1319 2224 aed
1343 2159 1424 2226 haee

308 2281 405 2344 quam
428 2280 530 2346 parvo
553 2265 635 2346 post'
643 2257 794 2326 Ovidium
817 2261 970 2346 temporis
992 2263 1162 2330 intervallo
1185 2262 1313 2349 peccari
1329 2282 1424 2348 coep

306 2371 372 2430 tum
396 2363 438 2429 sit
460 2363 654 2428 ostendunt:
677 2363 747 2447 ipsc
769 2382 834 2429 non
856 2363 984 2449 scripsit
1005 2383 1149 2434 amomm
1171 2387 1205 2450 ιι,
1218 2367 1250 2451 4,
1263 2365 1308 2430 42
1331 2364 1424 2432 Lada

296 2468 391 2553 fait,
409 2465 466 2532 aed
481 2465 577 2553 Lpda
588 2466 662 2552 fait
680 2467 776 2551 01000
791 2465 1014 2552 conspicienda
1035 2491 1139 2552 coma,·
1160 2488 1265 2552 neque
1286 2469 1320 2534 iu
1343 2467 1424 2534 artie

306 2591 328 2652 1,
335 2568 399 2634 744
414 2569 573 2648 Quantum
585 2567 631 2634 ad
641 2569 834 2652 Pirithoum,
846 2567 997 2634 Phaedra
1003 2569 1128 2656 pudico
1133 2571 1218 2656 fuit,
1230 2569 1290 2635 sed
1297 2570 1423 2636 orara.

307 2665 394 2756 apud
416 2678 542 2737 veteres
564 2672 597 2736 in
620 2671 680 2737 hoc
703 2689 823 2754 genere
845 2688 965 2753 magna
987 2671 1047 2738 fnit
1069 2697 1090 2738 a
1104 2673 1230 2740 litterae
1248 2691 1271 2738 a
1285 2671 1423 2739 Graecis

307 2773 484 2858 productae
504 2772 710 2857 observatio,
735 2791 930 2857 quamquam
949 2793 1021 2842 eam
1036 2774 1159 2842 elidere
1175 2773 1334 2842 interdum
1350 2775 1423 2842 ansi

309 2881 403 2959 sunt,
431 2881 467 2940 ut
488 2875 621 2940 Plautus
647 2877 682 2942 in
706 2875 938 2962 Amphitruone
960 2897 991 2960 v,
1006 2877 1033 2959 1,
1050 2877 1092 2943 25
1117 2879 1186 2944 Tua
1208 2879 1345 2944 Bromr'a
1367 2905 1422 2944 aa·

307 2979 404 3060 ailla,
424 2977 573 3061 idemque
588 2977 758 3044 Palaestra
777 2978 907 3064 saepius
927 2979 960 3044 in
978 2978 1146 3046 Rudente.
1169 2979 1228 3046 sed
1250 2981 1284 3046 in
1307 2981 1422 3048 0011οι0

307 3081 371 3164 1,4‚
388 3081 424 3144 17
445 3079 557 3145 addito
576 3105 615 3146 rte
635 3079 840 3147 scribendum
860 3081 1156 3168 puto'Atrtpelr'aca.
1177 3083 1245 3148 lea
1264 3085 1339 3169 quia
1358 3086 1423 3150 eat?

308 3189 364 3270 690
378 3231 386 3248 .
402 3183 630 3249 Palaestrctaat
645 3209 716 3248 aum
723 3208 734 3266 ,·
752 3189 788 3248 ut
802 3183 835 3247 in
851 3181 986 3267 Epidico
999 3205 1044 3269 tv,
1059 3185 1142 3268 1,40
1155 3187 1222 3252 Far
1236 3185 1379 3271 ot‘dcorn,
1394 3190 1426 3254 tt'

307 3292 358 3352 mi
377 3288 426 3352 via
448 3288 570 3351 uiuere.
598 3287 652 3352 lla
674 3287 768 3352 t'stt'ttc
778 3335 787 3368 ‚
813 3287 979 3354 Oarstharti
987 3336 996 3369 ,
1017 3288 1109 3353 iuba.
1131 3286 1208 3372 quid
1230 3289 1320 3373 quod
1335 3290 1422 3356 idem

308 3390 413 3454 Aetna
434 3411 523 3453 morra
545 3386 586 3452 ad
609 3388 755 3470 regulam
777 3407 842 3454 non
864 3389 1048 3472 revocavit,
1071 3389 1131 3456 sed
1153 3390 1200 3456 ita
1218 3398 1255 3458 nt
1268 3393 1423 3476 vulgusa

308 3489 423 3556 Siculis
454 3489 612 3556 didicerat
639 3489 702 3556 sihi
731 3489 903 3556 dicendum
931 3491 1078 3576 putavit,
1101 3493 1135 3558 in
1156 3492 1259 3562 Milite
1280 3515 1325 3580 ιι,
1338 3497 1368 3580 2,
1381 3497 1421 3562 te

307 3611 404 3658 versu
427 3593 658 3678 anapaestico,
681 3613 744 3656 rr.
764 3593 843 3658 Tam
864 3595 992 3680 arpenti
1003 3617 1111 3660 maus.
1126 3615 1193 3662 ns.
1208 3621 1283 3664 uam
1297 3607 1421 3666 mercar

306 3695 410 3776 hahet,
427 3695 535 3761 Aetati
547 3719 635 3760 mone
650 3717 713 3758 000
727 3719 826 3780 aequa
842 3697 955 3762 ditum.
967 3715 1073 3782 pauca
1084 3697 1148 3763 iam
1160 3705 1227 3763 tum
1237 3700 1420 3786 meahare
1551 3713 1552 3792 ξ

306 3796 444 3880 primum
473 3815 513 3862 ea
535 3799 566 3861 in
590 3795 706 3880 quihus
729 3796 947 3882 diphthongos
975 3806 1043 3883 est,
1071 3807 1107 3866 ut
1130 3801 1247 3886 Troia,
1276 3811 1312 3869 ut
1334 3803 1420 3890 apud

308 3897 479 3976 Ovidium,
504 3899 668 3966 Valerium
690 3897 861 3986 Flaccum,
885 3901 1093 3988 Iuvenalem,
1115 3903 1255 3972 Astraea
1265 3931 1278 3990 ,·
1301 3905 1420 3974 deinde

307 4002 509 4085 appellativa
530 3999 691 4098 quaedam
713 4021 774 4066 usu
789 4001 905 4068 Latino
928 4003 1004 4068 olim
1026 4005 1120 4089 trita,
1143 4013 1178 4074 ut
1194 4032 1369 4096 purpura,
1386 4017 1420 4076 ut

307 4103 466 4168 cmaaedia
480 4104 565 4188 lapet
580 4103 612 4168 in
628 4123 724 4169 versu
744 4103 931 4172 hexametro
947 4107 1073 4191 Plauti,
1094 4108 1171 4174 item
1185 4109 1264 4176 hora
1279 4111 1355 4198 lyra
1368 4113 1420 4200 ly·

307 4205 368 4269 dra
379 4218 472 4291 petra
487 4229 590 4287 aura,
606 4205 793 4294 symphonia
809 4207 954 4294 Horatii,
976 4209 1065 4294 apud
1080 4209 1233 4278 Ovidium
1243 4215 1418 4300 pharetra,

303 4331 386 4392 pera
401 4307 489 4391 apud
505 4305 685 4372 Martialem
699 4328 765 4391 xrv,
778 4308 840 4392 81,
861 4329 1057 4396 quamquam
1072 4312 1124 4378 hic
1137 4313 1230 4380 Lada
1243 4335 1374 4402 quoque
1388 4323 1420 4384 st

307 4409 420 4494 Hypsa
439 4410 497 4494 (nr,
510 4410 566 4494 60)
582 4410 756 4494 corripuit.
778 4410 888 4494 itaque
911 4413 1096 4480 Cassandra
1114 4415 1230 4483 Latine
1252 4419 1418 4487 dicebatur

308 4516 342 4574 ut
356 4509 542 4576 Alexander
558 4517 589 4576 et
603 4511 798 4596 Euandrus,
815 4513 992 4602 eademque
1007 4505 1217 4585 similitudine
1233 4522 1417 4612 lepatra5
