3186 5146
699 367 744 432 Vl
1211 364 1273 429 411

168 543 408 627 ambagiur’bus.
436 539 613 623 quadratus
635 541 754 606 suesti:
782 544 942 604 oorreotor
963 537 1095 620 oblongi
1120 557 1275 600 nassis.

168 643 344 728 quadratus
367 661 466 727 snpra
487 642 551 708 914
573 655 681 728 supter
702 641 854 708 aderens.

255 744 346 812 1018.
381 767 463 810 srvn
489 767 532 808 rr
559 763 819 810 rnrnsvunso.
853 743 1009 811 Marullus
1032 767 1090 809 ere.
1118 742 1276 808 reotinsrr

168 848 327 914 Antonius
348 847 575 914 Florentiuus.
599 847 647 912 sie
661 867 789 932 semper
804 854 879 914 ante
895 861 926 929 t,
942 871 958 913 e
973 859 1079 928 tora,
1095 870 1111 910 e
1126 845 1240 927 tems,
1261 869 1277 909 e

168 951 302 1017 tenebo-is
313 1001 323 1034 ‚
347 976 362 1016 e
384 949 506 1031 raedas,
530 975 546 1014 e
567 962 627 1014 toto
638 1000 647 1032 ,
671 974 686 1016 o
708 951 824 1032 tentes,
846 975 863 1015 e
884 950 986 1014 thuris
1006 949 1127 1034 glebe‘s.
1206 1001 1214 1018 .

255 1053 348 1120 1020.
371 1071 528 1118 euroin.
551 1052 624 1116 Itali
647 1058 680 1118 et
702 1052 879 1118 Brixiensis
902 1051 1001 1117 editio
1023 1071 1176 1114 russis.

254 1155 347 1222 1021.
381 1155 528 1221 Sponsa
550 1173 638 1218 sus.
662 1153 829 1221 Oorrsotor
852 1154 985 1237 oblongi
1006 1154 1170 1218 Sponsa.

257 1258 347 1324 1022.
381 1258 460 1324 Huc
483 1277 776 1342 sconouwen,
806 1277 929 1328 ouans
956 1276 1077 1327 onnus
1105 1277 1143 1318 11>
1165 1276 1277 1319 nsors

167 1381 276 1424 uses.
314 1359 417 1424 Horo
445 1379 599 1432 Quosne
625 1381 691 1424 sus
718 1380 937 1424 snrnnruro
962 1379 1143 1430 nonnose
1170 1378 1277 1422 11111-

167 1484 260 1528 run.
284 1462 403 1528 Vitium
425 1462 459 1526 in
475 1463 524 1526 his
541 1463 746 1530 manifestum
761 1469 829 1547 est,
849 1460 1046 1527 simillimum
1061 1461 1091 1526 oi
1106 1458 1279 1544 quoderat

168 1566 203 1630 in
218 1564 301 1630 libro
317 1587 338 1648 1,
351 1564 414 1632 753
429 1613 436 1628 .
452 1564 513 1630 hoe
533 1565 631 1648 igitur
653 1566 767 1632 eodum
790 1563 887 1630 modo
910 1563 1093 1629 onrabimus
1107 1562 1277 1628 scribendo

166 1668 242 1732 Hero
263 1667 384 1734 aceedit
398 1687 487 1730 ursi
504 1704 540 1716 —
563 1668 654 1734 Haeo
669 1693 791 1756 quoque
805 1692 856 1734 res
876 1703 918 1716 -
934 1686 1118 1736 ruvsrun.
1139 1669 1278 1730 osterum

168 1769 255 1854 quod
271 1769 514 1856 Havoroampus
534 1768 618 1834 buno
632 1789 760 1836 versum
782 1772 873 1836 Haeo
888 1793 1011 1856 qnoque
1030 1792 1081 1834 res
1100 1767 1135 1832 in
1152 1765 1278 1832 Vossia-

167 1873 217 1938 nis
240 1879 315 1957 post
338 1873 420 1939 1032
444 1872 559 1938 Tradet
581 1886 609 1938 et
630 1873 755 1959 inpellet
776 1873 929 1956 seriptum
952 1868 1120 1956 perhibet,
1147 1869 1278 1936 monda-

167 1975 250 2040 oium
272 1981 341 2040 est:
363 1997 474 2044 verum
494 1983 543 2043 est
565 1995 604 2041 eo
624 1975 694 2042 looo
709 1975 773 2058 legi
790 1975 943 2042 Continuo
960 1975 997 2054 fit
1011 1974 1078 2055 oti,
1098 1991 1193 2057 quom
1208 1991 1278 2040 vor-

167 2097 237 2144 sum
252 2077 407 2146 Marullus
428 2080 463 2146 in
485 2098 565 2146 vera
586 2076 664 2144 sede
686 2077 850 2161 reposuit.
872 2075 979 2144 eidem
997 2075 1222 2160 Haveroampo
1237 2094 1279 2142 ns

168 2179 284 2246 eredas
299 2181 356 2246 illa
371 2182 515 2248 earmina
530 2181 671 2263 oblongo
687 2178 791 2246 oodioi
806 2179 941 2261 deesse,
961 2179 1112 2246 0111113111
1127 2191 1172 2244 eet
1186 2179 1279 2244 rebor

168 2289 199 2348 et
213 2283 279 2348 Hei:
296 2285 396 2370 r'qs'tor
407 2333 416 2366 ,
439 2291 568 2368 praeter
589 2301 709 2348 morem
731 2301 836 2348 meum
856 2280 1018 2348 adnotabo
1043 2280 1217 2364 oblongum
1233 2279 1278 2346 ibi

167 2387 275 2470 prima
296 2405 393 2452 mann
416 2385 536 2451 habere
558 2387 619 2470 qni
637 2387 672 2450 in
683 2385 792 2470 ferost
812 2384 948 2450 obedes.

254 2487 346 2554 1025.
369 2507 487 2552 Locus
508 2509 671 2551 uson1s.
691 2487 843 2571 Impressi
865 2507 998 2551 urnis.

255 2589 345 2656 1033.
369 2610 611 2655 socscsrns.
649 2590 740 2656 1026.
765 2590 866 2656 Enni
888 2611 1006 2654 nnoo.
1035 2587 1202 2654 Correetor
1223 2587 1277 2652 ob-

166 2693 256 2776 longi
277 2713 470 2758 socnrns.
493 2691 648 2758 Marullus
671 2693 751 2756 Asa
771 2718 792 2758 o
814 2707 921 2781 tergo.

255 2794 346 2861 1032.
370 2816 486 2866 onssr
508 2815 633 2858 nsvnu
660 2815 831 2866 vsnnoun
853 2815 1008 2860 venrrs.
1031 2795 1108 2860 Pius
1123 2799 1209 2861 reete
1225 2792 1278 2858 ds·

166 2897 214 2964 dit
237 2917 400 2962 usurus.
969 2969 974 2978 ι

255 3000 347 3067 1035.
370 3021 462 3064 auur
486 2995 675 3064 consone.
704 3000 754 3066 lta
775 2999 972 3083 quadratus,
1000 3025 1021 3065 o
1043 2997 1158 3066 eadem
1180 3017 1279 3064 manu

166 3123 263 3188 super
285 3127 301 3168 e
324 3101 496 3187 apposita:
519 3101 678 3185 oblongus
700 3109 733 3168 ot
755 3102 832 3168 olim
846 3101 995 3187 impressi
1009 3125 1162 3188 corpora.
1180 3101 1277 3166 Anto·

168 3207 241 3272 nius
264 3228 413 3290 corporo.

254 3307 346 3373 1040.
370 3306 991 3373 80111111.1110101111111111111.
1013 3309 1064 3374 Ita
1078 3305 1277 3391 quadratus:

167 3410 309 3492 oblongo
332 3408 426 3474 abest
448 3411 525 3476 illo.
554 3409 629 3475 Itali
660 3417 692 3476 et
713 3408 868 3475 Marullus
891 3429 955 3475 non
982 3415 1069 3476 resto
1096 3423 1209 3495 atque,
1237 3427 1278 3474 ox

166 3532 229 3596 quo
253 3509 473 3578 Wakefieldus
496 3511 572 3578 feeit
597 3514 706 3598 esque.
729 3517 876 3597 spartum
906 3520 955 3579 ost
977 3511 1183 3579 scribendum
1205 3531 1278 3579 osso

165 3635 249 3680 rnen
271 3612 377 3679 eodem
392 3613 528 3698 fertur.

253 3716 347 3782 1045.
383 3715 436 3780 Er
457 3737 654 3782 usunnrs.
689 3717 740 3782 Ita
767 3717 948 3800 oblongus:
975 3717 1151 3799 quadratus
1174 3717 1279 3802 prima

166 3819 275 3886 littera
297 3818 418 3883 omissa
443 3819 632 3886 Tromento.

255 3920 346 3986 1046.
377 3919 417 3984 In
440 3941 606 3988 sessus.
629 3921 814 4002 Quadratus
836 3923 997 4007 octupiis,
1019 3923 1109 3988 utin
1131 3921 1277 3990 Modieeo
1355 4003 1360 4014 q

167 4022 301 4106 Vergilii
314 4021 425 4088 oodieo
441 4025 520 4090 Aen.
535 4046 603 4110 vui,
616 4024 679 4090 278
694 4023 830 4111 oedypus
843 4073 849 4088 .
867 4029 1027 4092 norreotor
1043 4023 1175 4107 oblongi
1191 4045 1277 4089 sos·
1365 4017 1370 4028 ’

165 4147 289 4208 nnus,
309 4129 416 4209 reate,
437 4126 499 4191 nisi
514 4125 601 4208 quod
620 4129 741 4212 saeptis
756 4133 863 4210 potest
882 4126 1056 4192 aLnoretii
1071 4145 1168 4192 manu
1184 4146 1277 4193 esso.

166 4229 311 4315 seopium
326 4225 526 4312 exemplaria
541 4227 699 4294 Martialis
714 4229 861 4314 x1‚11,o‚
877 4229 955 4294 item
970 4227 1108 4294 Vitruvii
1124 4250 1191 4312 vin,
1206 4229 1276 4312 1,4.

255 4331 349 4398 1047.
372 4352 391 4393 a
415 4351 529 4394 sexo.
553 4330 654 4396 Immo
675 4319 743 4416 sis,
767 4335 801 4395 ut
823 4329 890 4397 dixi
913 4331 958 4397 ad
980 4351 1107 4398 vorsum
1130 4331 1213 4397 925.

254 4431 346 4502 1056.
382 4431 497 4497 launo
524 4453 561 4502 rs
588 4454 648 4502 urs
675 4453 735 4504 urs
758 4453 873 4498 annus
896 4454 1051 4534 11111111.
1088 4432 1274 4517 Quadratus
