3110 5146
1187 402 1252 470 405

140 596 251 642 runs.
276 581 444 660 praeterea
458 571 661 640 scribendum
677 579 727 638 est
747 586 976 660 tempestatem
992 585 1078 638 terra
1087 622 1097 656 ,
1117 573 1203 656 quod
1218 574 1252 638 in

141 679 283 761 oblongo
305 695 377 744 esse
392 676 634 760 Haveroampus
653 695 717 740 non
737 695 815 742 vere
835 675 954 742 refert.
972 695 1086 742 versus
1106 675 1252 742 facillimi

140 779 370 865 interpretibus
391 779 500 845 nescio
523 775 684 862 quomodo
707 777 833 844 obscuri
857 778 1029 844 visisunt.
1046 776 1155 843 omnia
1176 797 1252 844 rara

140 903 213 950 esse
236 882 334 965 dicit,
356 888 389 948 et
407 887 629 967 tempestatem
649 878 780 966 quidem
803 901 867 948 non
886 882 992 948 minus
1015 899 1110 964 quam
1126 880 1249 946 caelum

139 991 172 1052 et
193 991 333 1052 terram:
356 984 439 1051 hauc
461 984 567 1068 enim,
591 1003 662 1051 oum
684 983 718 1049 in
740 989 828 1050 terra
849 990 882 1052 et
903 985 993 1050 caelo
1008 983 1189 1068 cooriatur,
1204 988 1250 1049 ta-

139 1107 214 1154 men
233 1105 298 1152 non
318 1092 486 1172 constare,
507 1087 566 1154 sed
581 1106 655 1153 mox
670 1086 869 1174 tempestatis
888 1087 922 1152 in
938 1086 1062 1153 eaelum
1085 1090 1250 1170 terrasque

138 1190 302 1256 resolutae
323 1189 397 1256 iura
417 1188 599 1256 facessere.

225 1291 297 1360 958.
322 1291 630 1372 Qusuooourpuu
652 1312 757 1356 uuum
779 1311 844 1355 usn
865 1313 941 1356 ursr
962 1311 1058 1356 aneo
1079 1311 1249 1356 consone

138 1417 287 1463 srxuu.
309 1394 398 1462 Haeo
420 1393 563 1462 absurda
583 1400 678 1461 sunt:
693 1393 817 1460 nullum
840 1399 889 1461 est
910 1393 995 1460 enim
1010 1412 1116 1460 rarum
1133 1413 1249 1479 corpus

137 1519 202 1583 quo
225 1516 277 1564 res
300 1497 384 1564 inter
403 1517 441 1564 se
463 1497 719 1582 coniungantur.
736 1497 832 1564 immo
848 1517 900 1564 res
916 1497 1007 1582 ipsae
1023 1515 1097 1562 raro
1113 1515 1249 1582 corpore

137 1607 234 1684 sunt,
249 1600 338 1686 aive,
355 1598 442 1686 quod
465 1599 550 1666 idem
572 1607 641 1684 est,
660 1623 737 1666 raro
759 1601 938 1665 coueour'
956 1620 1075 1664 sexu.

224 1701 298 1770 962.
331 1723 478 1766 nanuum
505 1721 582 1773 ouo
609 1721 849 1775 nxcuoourr.
883 1703 1051 1790 Omeoter
1073 1701 1246 1790 quadrati,
1277 1775 1283 1784 ⁸

136 1804 298 1874 Antonius
313 1803 427 1890 Marii,
443 1805 619 1886 Marullus,
636 1823 722 1870 son.
745 1808 890 1892 eaaoqae't
911 1809 1070 1872 corrector
1093 1804 1247 1888 oblongi.

2 1917 3 1996 j
135 1910 224 1976 idem
246 1908 281 1973 iu
303 1927 398 1974 versu
414 1907 476 1976 858
499 1905 576 1973 iecit
589 1907 803 1994 Perqaacera,
820 1908 874 1974 ubi
897 1907 976 1992 quid
995 1906 1136 1992 aprima
1149 1926 1247 1972 manu

137 2012 235 2080 tuerit
261 2011 446 2097 perspicere
473 2027 538 2074 uon
560 2027 714 2094 possum:
743 2011 919 2096 quadratus
946 2009 992 2076 ibi
1013 2008 1111 2076 habet
1132 2009 1245 2075 Perco-

158 2139 253 2182 aare.

136 2143 156 2203 q
223 2217 296 2284 963.
329 2235 372 2279 nr
398 2235 506 2279 surus
532 2235 718 2280 nonninus
746 2235 861 2281 sunus
884 2214 1110 2281 Marsuas-ss
1136 2235 1246 2278 arvus

134 2341 284 2388 uanus.
308 2320 381 2386 Non
405 2317 513 2401 inepte
528 2317 710 2402 Naugerius
733 2319 795 2386 alte
810 2321 985 2386 eceman
1008 2319 1164 2406 stupeas:
1185 2317 1246 2383 aed

135 2425 265 2507 verius,
293 2420 356 2488 nisi
379 2419 495 2504 iallor,
524 2421 679 2488 Marullus
702 2423 785 2488 altae
808 2423 1059 2493 Matraetcsoun
1081 2421 1189 2486 nicea.
1212 2425 1247 2485 at

134 2523 360 2593 Wakefieldus
382 2542 496 2608 parum
511 2523 625 2589 Latine
644 2523 727 2590 atae
741 2525 915 2592 Extractus
936 2517 1090 2610 oiapaes,
1106 2527 1138 2588 et
1154 2520 1245 2588 Eich-

134 2628 282 2712 stadius‚
302 2623 448 2712 perditus
470 2625 691 2712 antiquarius,
710 2627 857 2713 ainpaee'e
878 2625 1019 2694 radiarit.

221 2731 295 2797 969.
328 2747 479 2792 ausura
502 2748 658 2794 eunom.
687 2727 855 2814 Oblongus
877 2729 982 2815 prima
1003 2749 1101 2796 manu
1124 2729 1244 2796 aare:

134 2833 205 2899 eius
228 2837 387 2898 corrector
409 2850 575 2896 eunoun.

221 2934 294 3002 971.
321 2933 498 3000 Eranusa
519 2953 730 2998 uuenosrns
753 2953 863 3005 auns1
889 2952 987 2997 vano
1010 2953 1053 2998 nr
1076 2955 1243 3000 uoculae

133 3057 312 3103 arnonus.
330 3035 512 3116 Quadratus
526 3037 653 3124 Eflaat,
670 3034 829 3119 oblongus
844 3049 873 3102 ct
887 3049 995 3102 nector
1009 3051 1037 3104 et
1051 3039 1157 3103 iotae.
1174 3057 1243 3104 ver·

133 3161 190 3207 sus
202 3146 251 3206 est
261 3138 488 3224 suavissimus,
500 3139 528 3206 si
539 3144 625 3205 reeta
636 3138 775 3222 legatur.
787 3138 924 3224 primum
937 3141 1113 3226 quasivero
1125 3141 1158 3205 iu
1173 3160 1243 3208 ora

132 3242 231 3312 tionis
254 3241 396 3308 membro
419 3241 549 3309 aliunde
572 3260 728 3327 suspenso
754 3240 858 3307 locum
881 3260 945 3306 non
966 3240 1083 3308 habet:
1102 3244 1191 3309 iuvat
1209 3268 1243 3310 eo

132 3369 233 3432 aeque
248 3345 346 3431 quaet
357 3349 442 3410 reete
458 3342 592 3429 dicitur,
608 3347 697 3410 iuvat
712 3367 745 3410 aa
760 3367 860 3431 usqae
875 3345 1057 3430 quasivero
1072 3364 1135 3411 nen
1150 3345 1242 3412 item.

133 3467 235 3534 quare
246 3445 412 3512 neFronto
424 3447 554 3531 quidem
565 3468 597 3533 p.
605 3446 664 3512 111
677 3445 818 3512 scribere
829 3445 1003 3532 potuisset
1012 3447 1087 3512 leae
1099 3461 1145 3530 ta,
1156 3448 1242 3516 atde-

133 3551 181 3616 br‘a
196 3575 235 3615 aa
250 3547 372 3614 delator
387 3550 506 3616 caetae
517 3575 591 3616 aava
602 3549 721 3616 t'adt'ct‘o
732 3571 851 3636 pareas
861 3549 972 3632 (immo
983 3549 1243 3637 mave-prodas)

132 3651 224 3740 apud
237 3649 356 3734 filiam,
371 3653 468 3738 quael
483 3676 555 3719 vero
571 3675 626 3740 epo
641 3665 669 3718 te
686 3675 781 3738 qaam
795 3651 885 3717 illam
899 3652 1004 3739 saepis
1019 3650 1166 3740 dclipam,
1183 3652 1241 3720 sed

132 3753 263 3840 scripsit
284 3755 384 3840 quaes·
401 3776 492 3820 aera.
512 3773 617 3840 neque
636 3753 741 3838 magis
761 3753 959 3838 coniungere
981 3773 1150 3838 possumus
1169 3779 1241 3821 cero

133 3871 161 3924 et
182 3869 326 3939 natare,
350 3855 427 3938 quia
448 3855 613 3923 Lucretius
636 3869 664 3923 et
686 3854 942 3922 coniunctionem
965 3855 1059 3922 alteri
1081 3857 1153 3922 voci
1175 3876 1240 3922 uon

132 3957 318 4046 postponit.
346 3977 423 4041 ergo
450 3964 526 4025 ante
552 3957 662 4026 omnia
691 3956 895 4024 scribendum
922 3963 972 4023 est
997 3957 1121 4044 Effluet
1147 3959 1245 4045 quasi

132 4083 230 4126 vene
242 4109 250 4126 .
262 4065 329 4126 tum
345 4059 499 4126 Marullus
516 4059 593 4128 iecit
606 4061 764 4128 ambrosia
771 4085 784 4146 ‚·
797 4057 884 4144 quod
899 4059 1105 4126 vehementer
1119 4061 1239 4147 probo,

132 4166 227 4232 aliter
249 4169 347 4248 atquo
368 4163 439 4248 ipso
460 4163 563 4229 voluit
582 4168 749 4247 acceptum
764 4181 842 4228 casu
857 4167 965 4247 recto,
981 4162 1105 4248 Efflaat
1119 4163 1239 4228 amha-

131 4267 183 4332 ss'a
204 4267 302 4353 quasi
319 4289 410 4333 aare.
434 4263 547 4332 eadem
570 4264 749 4350 quantitate
769 4265 892 4331 vocalis
909 4264 1020 4330 Cicero
1035 4263 1241 4330 Andromeda

133 4367 216 4434 dixit
232 4374 263 4434 et
277 4367 425 4451 Electra,
442 4367 604 4451 Vergilius
620 4367 754 4454 &styra
769 4366 870 4448 Geta,
889 4365 1036 4432 Tibullus
1052 4366 1239 4452 Amalthea,

133 4469 269 4538 Ovidius
285 4469 414 4536 Electra
428 4469 580 4536 Phaedra
595 4471 686 4536 Rhea
706 4469 769 4536 dea
790 4467 914 4554 (differt
934 4469 1017 4533 enim
1033 4469 1123 4534 Rhea
1136 4491 1239 4534 saeer-

133 4569 203 4658 dos)
218 4570 387 4638 Amalthea
402 4573 577 4639 Leucothea
595 4572 717 4660 alapia,
736 4572 849 4638 oraora
865 4569 1043 4638 Columella
1082 4569 1239 4637 Martialis
