3110 5146
320 385 383 450 358
855 383 897 444 Vl

320 559 419 642 lqolur
441 555 552 622 deaelro
564 554 705 639 facialis
720 553 870 638 Apolline
891 575 1037 633 carmen,
1054 551 1147 630 Quod
1166 552 1256 634 lieet,
1271 553 1348 630 inter
1367 574 1416 614 ooo

320 683 429 726 nomen
451 659 557 724 habete
578 681 679 721 oseam
691 705 700 738 ,
716 653 751 718 id
778 659 827 720 est
850 653 935 732 Quin
962 654 1078 734 etiam,
1095 652 1182 736 quod
1204 653 1296 736 lieet,
1310 671 1416 718 nomen

320 781 423 826 meum
446 767 574 826 vestrae
596 755 789 843 professioni
812 753 1067 820 adscribimus
1089 755 1145 819 ille
1166 755 1281 821 Flaooo
1302 753 1416 820 modes·

320 864 403 946 tius,
421 863 476 946 qui
500 881 570 927 oum
586 880 621 925 se
644 859 756 946 lyricis
778 857 901 922 oolibae
923 859 1075 922 insertam
1096 859 1145 922 iri
1162 864 1291 942 sperat,
1307 859 1417 922 nosue

319 965 386 1030 naii
410 964 504 1031 dooto
520 969 689 1049 poetarum
704 958 802 1024 iudioi
818 958 901 1024 adeo
917 959 1048 1043 probari
1065 959 1154 1045 eupit
1167 967 1203 1024 ut
1217 961 1259 1026 ab
1274 980 1312 1026 oo
1327 962 1359 1025 in
1373 979 1417 1024 or·

320 1065 427 1131 dinem
449 1065 622 1151 lyricorum
643 1061 808 1144 redigatur
830 1061 974 1128 desimus
997 1067 1028 1126 et
1049 1062 1135 1127 idem
1157 1083 1240 1128 unns
1256 1063 1417 1129 Italorum.

407 1167 478 1234 149.
500 1187 671 1231 rnorrnn
692 1185 954 1228 nnnsnsrnus.
971 1163 1083 1248 Inepte
1106 1163 1267 1231 adieotum
1279 1179 1419 1252 propter,

319 1270 353 1336 id
376 1277 425 1336 est
446 1271 556 1335 iuxta.
573 1267 704 1352 egregie
726 1265 883 1332 Marullus
904 1285 1094 1330 seorsus.

408 1373 477 1439 151.
501 1391 673 1435 moronus
700 1390 833 1433 sonrru
863 1389 1048 1434 succursu
1082 1389 1277 1436 ascensa.
1300 1370 1419 1437 Correo·

319 1483 369 1540 ior
392 1474 526 1558 oblongi
550 1493 721 1536 unorum.
738 1491 903 1535 assensn
927 1471 1000 1536 Itali
1025 1478 1056 1536 et
1080 1472 1258 1539 Brixiensis
1281 1473 1393 1538 editio.

406 1576 476 1650 153.
499 1578 631 1640 Tenus
654 1594 876 1639 vunrosuu.
893 1574 930 1639 In
961 1579 1098 1659 utroque
1120 1583 1231 1642 vetere
1254 1581 1419 1642 eorreotum

317 1681 511 1744 Tunsrns.
814 1671 818 1678 ⁴

406 1781 475 1847 154.
500 1781 579 1844 Neo
602 1801 666 1843 nus
690 1801 778 1844 um
801 1799 934 1844 nuens.
951 1779 1046 1866 Apud
1062 1780 1261 1846 Maurobinm
1278 1779 1419 1846 Satnma-

318 1884 435 1949 iiorum
461 1881 537 1966 vr,4
564 1905 616 1946 ros
644 1903 763 1974 uuus.
787 1881 874 1948 infra
903 1901 999 1947 versu
1029 1883 1110 1948 1009
1138 1881 1299 1966 oblongus
1325 1885 1422 1968 prima

317 2004 414 2050 manu
436 2009 487 2050 reo
509 1984 546 2048 ul
578 2033 585 2047 .

405 2085 474 2154 155.
499 2107 686 2150 sonrrun.
709 2086 912 2153 Correotores
945 2093 1070 2154 veteres
1100 2094 1133 2154 et
1159 2088 1342 2156 Macrobius
1369 2109 1420 2154 so·

316 2213 428 2256 urrn.

404 2291 475 2358 156.
499 2311 606 2355 esur.
626 2274 740 2357 blieno
757 2291 827 2357 looo
843 2292 980 2377 positum
998 2292 1085 2378 apud
1102 2295 1241 2360 Nonium
1259 2317 1291 2380 p.
1302 2297 1373 2377 487,
1384 2296 1420 2362 4.

404 2393 474 2459 158.
498 2415 748 2457 rnnnounrun
796 2416 831 2458 ru
874 2415 999 2459 Arrun
1043 2397 1235 2464 Concursus
1285 2419 1421 2462 nonnus

315 2515 527 2560 nrnsonun.
544 2499 645 2561 Immo
661 2499 695 2562 io
711 2497 1018 2584 snrofraoqontur
1030 2500 1131 2572 nubes
1146 2501 1221 2584 gelu
1237 2508 1421 2582 eonoreise,

315 2617 387 2663 oum
410 2617 466 2663 eas
494 2605 609 2664 ventus
632 2598 806 2665 oonleroii.
824 2599 981 2683 Epiourns
1009 2601 1096 2686 apud
1120 2603 1301 2686 Diogenem
1323 2625 1353 2685 x,
1367 2603 1423 2669 100

317 2698 373 2766 καὶ
395 2697 480 2766 κατὰ
504 2696 735 2790 παρατρίψεις
757 2700 796 2770 δὲ
818 2703 929 2788 νεφῶν
943 2701 999 2768 καὶ
1020 2698 1195 2788 κατάξεις,
1212 2705 1318 2793 πῆξιν
1339 2702 1419 2791 εἰλη-

317 2797 431 2890 φότων
454 2802 737 2890 κρυσταλλοειδῆ.

404 2909 473 2974 160.
497 2927 638 2972 nuans.
654 2907 758 2972 Nubis
781 2905 868 2992 apud
891 2907 1030 2972 Nonium
1054 2929 1084 2993 p.
1097 2909 1171 2994 506,
1186 2911 1222 2974 11
1238 2960 1247 2974 .

403 3010 473 3076 162.
497 3009 736 3074 Psncucrsr.
753 3009 805 3076 Sio
826 3015 958 3092 uterque
984 3017 1076 3076 vetus
1090 3035 1098 3095 ;
1114 3010 1200 3095 qnod
1223 3014 1344 3080 miror.
1359 3035 1420 3080 oor·

316 3119 420 3178 reotor
444 3111 576 3195 oblongi
599 3111 674 3176 feeit
695 3133 734 3174 n.
831 3113 840 3134 ⁹

400 3214 470 3281 165.
495 3215 671 3280 Foessu.
700 3213 867 3280 Correoior
900 3213 1048 3296 quadrati
1082 3223 1114 3282 et
1147 3217 1296 3303 impressi
1331 3220 1417 3284 ilor-

314 3338 430 3383 esna.

402 3418 473 3485 165.
496 3413 543 3482 so
577 3439 686 3482 uunrs
711 3421 880 3483 Tonnrus
914 3441 1154 3487 sovnuruun.
1177 3423 1345 3508 Isidorus,
1368 3425 1415 3510 qni

313 3521 363 3586 bis
379 3521 477 3586 utitur
492 3521 651 3602 originum
667 3522 788 3604 xr11‚8‚
805 3523 855 3588 bis
872 3523 949 3589 dioit
963 3526 1088 3590 tordius
1100 3525 1145 3590 od
1158 3551 1253 3592 aures
1267 3529 1414 3614 pervenit,

313 3629 410 3706 atque
425 3623 471 3688 iia
486 3623 556 3706 ipse
577 3621 654 3687 aiibi
670 3629 785 3707 podia.
804 3625 941 3690 fortasse
964 3626 1015 3691 bio
1034 3645 1164 3711 quoque
1186 3653 1202 3693 s
1224 3630 1351 3695 litterae
1366 3629 1415 3694 eli-

312 3723 360 3789 sio
383 3723 643 3790 emendatoribus
672 3725 853 3811 displicuit,
873 3727 1004 3793 Tordio'
1024 3731 1235 3815 perveniunt.
1256 3729 1341 3796 idem
1364 3730 1415 3796 lsi·

312 3825 410 3892 dorus
423 3825 464 3891 de
478 3833 592 3892 natura
604 3848 709 3906 rorum
722 3848 791 3914 oap.
801 3831 844 3896 30
856 3831 977 3896 neuim
989 3843 1163 3917 sequuntur
1174 3835 1315 3898 sondrae
1318 3857 1330 3916 ,·
1341 3855 1415 3919 quoe

312 3927 382 3992 la'oel
391 3931 495 3994 sonitu
506 3929 650 3994 tor-dioro
662 3933 739 4014 oriri,
747 3931 954 4018 praecedenti
961 3955 1113 3999 conmisso
1125 3933 1254 3999 lomina
1266 3935 1413 4015 oloriima

305 4031 433 4114 panio
444 4044 622 4096 tamencum
624 4032 764 4118 fulquere
772 4035 968 4100 maritantur.
981 4035 1039 4099 sed
1045 4059 1150 4101 eorum
1163 4037 1284 4102 sonitus
1295 4036 1413 4101 earduus

309 4145 452 4216 penetral
464 4157 558 4198 aaron
570 4159 663 4219 quom
677 4135 782 4200 oeulos
793 4135 941 4220 splendor
942 4137 1094 4224 fulguris
1105 4185 1114 4220 ,
1130 4137 1176 4202 od
1185 4140 1289 4204 instar
1300 4137 1412 4205 secoro

312 4233 456 4300 arborem
465 4235 580 4319 procul
589 4235 747 4301 caedentis
758 4285 766 4320 ‚
782 4239 873 4302 ouius
882 4238 1008 4322 quidem
1020 4252 1091 4304 onio
1102 4241 1206 4304 oernr‘o
1217 4243 1312 4306 o'olnm
1323 4261 1411 4326 quom

312 4333 358 4399 od
377 4357 471 4400 aures
490 4339 655 4422 peruenias
677 4341 817 4406 sonitus.

398 4437 468 4502 168.
491 4435 670 4502 Uno1r1r1
700 4461 838 4505 vronnr
861 4461 1003 4508 rsnno.
1026 4442 1202 4510 Brixieusis
1225 4442 1323 4510 editio
1344 4445 1409 4508 An·
