3020 5146
560 425 617 489 1111

50 607 185 665 nocturno
208 599 314 665 facere
337 607 372 664 ut
393 599 519 684 possint
541 597 574 662 in
596 603 740 680 tempore
762 596 875 662 ludos.

50 737 88 781 nn·
102 716 196 800 magis
218 705 297 780 illud
320 715 379 781 erit
399 712 537 780 verum?
554 713 628 795 quia
650 717 793 796 tempore
815 713 850 776 in
872 731 935 775 uno

50 839 174 916 tempora
195 830 295 895 multa
316 831 438 912 latent,
456 827 536 892 ratio
561 847 642 911 quae
665 826 820 911 comperit
842 845 933 900 esse,

50 954 196 1029 propterea
217 944 252 1008 ru
274 945 317 1009 uti
342 944 455 1028 quovis
478 945 510 1008 in
533 950 676 1027 tempore
699 961 847 1024 quaeque

51 1067 138 1143 presto
159 1060 220 1126 sint
241 1061 415 1126 simulacra
437 1059 516 1124 locis
538 1058 571 1123 in
594 1059 729 1140 quiaque
752 1064 884 1141 parata.

52 1183 76 1239 et
93 1175 157 1258 qnia
177 1177 285 1241 tenvia
307 1181 399 1258 sunt,
415 1174 477 1238 nisi
497 1193 532 1240 se
555 1171 734 1256 contendit,
751 1177 843 1237 acute

52 1309 158 1354 cernere
179 1311 242 1354 non
265 1290 350 1375 potis
373 1296 422 1355 esi
443 1289 590 1354 unimus:
608 1287 740 1372 proinde
763 1288 869 1352 omnia
892 1305 976 1370 quoe
999 1293 1072 1352 sunt

50 1409 193 1484 praeterea
215 1411 371 1489 pereunt,
389 1404 450 1468 nisi
473 1404 500 1468 si
523 1423 606 1484 quae
628 1403 670 1466 cd
694 1422 729 1467 se
752 1402 821 1486 ipse
845 1402 990 1485 paravit.

51 1517 104 1598 ipae
124 1525 210 1602 parat
231 1537 306 1584 sese
330 1539 443 1602 porro,
459 1524 629 1602 speratque
651 1517 791 1580 futurum

51 1639 77 1694 ut
95 1631 189 1697 uideat
210 1633 297 1715 quod
322 1632 524 1713 consequitur
546 1651 611 1698 rem
636 1649 795 1713 quamque
809 1654 816 1693 z
832 1629 867 1693 tit
889 1649 984 1712 ergo.

49 1765 134 1812 nonne
154 1747 241 1813 vides
265 1747 378 1812 oculos
401 1747 519 1830 etiam,
536 1767 606 1812 cum
629 1745 737 1812 tenvia
760 1763 843 1826 quae
866 1751 939 1810 sunt

52 1881 157 1928 cernere
178 1867 373 1947 coeperunt,
390 1861 583 1928 contendere
606 1881 640 1928 se
663 1867 759 1942 atque
781 1878 916 1943 parare,

51 1995 94 2040 neo
112 1978 173 2043 aine
194 1999 233 2044 eo
257 1978 328 2044 ficri
350 1997 447 2062 posse
471 1982 505 2040 ut
527 1993 697 2041 cernamus
719 1976 838 2039 acute?

54 2095 181 2158 ettamen
204 2094 236 2158 in
259 2093 358 2158 rebus
381 2111 508 2174 quoque
531 2093 650 2176 apertis
672 2109 803 2156 noscere
826 2090 952 2173 possis,

57 2203 76 2264 ei
89 2225 138 2271 non
158 2207 315 2274 advertas
338 2207 498 2281 animum,
514 2204 648 2290 proinde
671 2225 742 2271 esse
765 2205 858 2288 quusi
881 2203 967 2270 omni

57 2320 162 2400 tenpore
184 2329 345 2389 semotum
368 2321 464 2386 suerit
485 2319 644 2405 longeque
666 2325 841 2384 remotum.

58 2448 95 2492 mr
109 2433 194 2514 igitur
215 2439 382 2520 mirumst,
400 2436 524 2500 animus
546 2435 574 2500 si
597 2441 701 2502 cetera
723 2434 827 2519 perdit

54 2554 270 2632 praeterquam
296 2550 409 2634 quibus
432 2549 536 2616 estin
559 2552 655 2616 rebus
678 2549 803 2616 deditus
826 2549 922 2632 ipsc?

51 2655 143 2728 deinde
163 2664 378 2750 adopinamur
401 2664 443 2731 de
464 2664 567 2746 signis
589 2665 730 2729 maxima
752 2663 880 2748 parvis,

50 2789 78 2834 ao
96 2795 147 2841 nos
165 2777 196 2842 in
218 2779 371 2844 fraudem
391 2779 555 2846 induimus
576 2778 791 2844 frustraminis
814 2779 875 2862 ipsi
888 2777 914 2864 .]

78 2887 119 2951 Fit
138 2912 263 2975 qnoque
287 2899 323 2956 ut
344 2895 425 2959 inter
448 2896 522 2960 dum
546 2914 611 2958 non
632 2892 854 2977 suppeditetur
875 2893 982 2974 imago

49 2997 165 3068 eiusdem
186 3006 338 3088 generis,
354 3006 413 3073 scd
435 3008 555 3076 femine
578 3029 662 3092 quae
685 3007 744 3070 suit
767 3013 862 3089 ente,

48 3109 72 3172 iu
90 3119 225 3186 manibus
248 3121 298 3185 vir
321 3123 366 3187 uti
388 3123 492 3188 sactus
513 3123 659 3188 videatur
681 3123 819 3198 adesse,

48 3234 88 3290 aut
106 3232 165 3296 alia
187 3253 227 3299 ex
250 3234 318 3300 alia
339 3235 440 3302 iacies
461 3243 614 3318 aetasque
637 3242 808 3318 sequetur.

49 3343 117 3418 quod
136 3365 174 3412 ne
196 3349 349 3415 miremur
371 3369 469 3433 sopor
490 3355 587 3432 atque
610 3350 730 3414 oblivia
753 3355 882 3414 curant.

81 3453 167 3540 [illud
188 3461 220 3526 in
245 3463 295 3528 his
318 3463 429 3528 vitium
452 3469 615 3529 vementer
637 3463 725 3529 rebu’
747 3467 908 3528 necessest

48 3567 183 3651 effugere,
200 3595 340 3642 errorem
362 3577 526 3660 vitareque
548 3583 826 3662 praemetueuter‚

48 3675 144 3751 lumino
166 3709 206 3755 ne
229 3690 332 3756 facias
354 3693 518 3758 oculorum
542 3693 629 3758 clara
651 3698 779 3773 creata,

49 3799 208 3882 prospicere
231 3811 266 3868 ut
287 3825 474 3890 possemus,
490 3812 522 3872 et
543 3811 578 3870 ut
599 3805 744 3890 proferre
768 3825 921 3888 queamus

52 4123 88 4173 :ug
103 4129 137 4178 sin
157 4129 169 4196 ΙΙ
188 4133 260 4184 locos
280 4133 293 4202 ΙΙ
315 4137 687 4186 roe-801=774771772.
709 4133 721 4203 ΙΙ
742 4138 792 4185 802
805 4109 916 4200 nisique
936 4134 950 4205 Η
970 4141 1021 4187 804
1034 4139 1055 4188 si
1069 4140 1145 4190 οιιιίι·

50 4223 106 4262 rum.
125 4217 137 4282 Η
155 4233 186 4268 ex
206 4219 219 4288 ΙΙ
240 4223 291 4272 805
304 4223 431 4272 suturam.
453 4219 466 4290 Η
487 4223 652 4272 808=eou.
673 4222 686 4288 Η
707 4226 755 4272 811
770 4239 862 4272 nocero
882 4221 896 4290 li
917 4226 967 4274 815
983 4227 1117 4276 Praetereo
1132 4227 1144 4292 Η

51 4300 88 4342 ⁸1⁸
105 4317 146 4352 uos
171 4305 184 4374 ΙΙ
209 4309 261 4358 820
279 4310 366 4360 virtuti
392 4308 406 4377 ΙΙ
430 4311 481 4360 8·22
500 4309 540 4359 his
558 4310 632 4359 rebus
650 4309 740 4359 vitium
758 4309 916 4359 vehementer
934 4311 1030 4362 inesse.
1055 4311 1069 4379 Η
1095 4315 1145 4362 823

51 4383 160 4450 olrarequo
178 4389 192 4462 Η
213 4397 263 4445 825
282 4396 406 4460 possimus
427 4393 440 4463 Η
460 4397 519 4446 viu.
