3096 5142
688 387 812 460 'V.
1201 393 1263 459 285
1374 397 1379 406 '

86 567 90 574 '
156 586 194 632 ea
216 566 331 632 ceteris
358 565 405 629 ita
431 570 465 628 ut
487 563 566 629 ordo
593 569 678 630 reete
701 567 861 628 constaret
878 561 1168 628 accommodasse.
1191 569 1265 628 suut

156 675 260 735 autem
283 667 364 734 haee
386 665 578 733 emblemata
596 665 763 731 rto-234
785 684 825 729 ex
849 683 887 730 eo
910 683 1049 748 genere,
1066 659 1150 747 quae
1165 685 1264 749 supra

155 773 196 837 ad
217 770 336 836 librum
350 791 385 855 n,
401 769 461 835 166
484 768 567 834 inter
589 789 661 834 aesc
684 768 794 851 aliquo
818 768 1047 834 sententiarum
1069 767 1197 834 mneulo
1213 785 1263 832 co-

155 874 288 940 haerere
310 872 399 956 dixi;
415 871 531 954 quibus
554 876 683 955 poetam
706 872 773 936 alia
794 869 1051 954 similiaaddere
1065 869 1207 936 doluisse
1223 890 1263 935 ex

153 997 250 1044 versu
272 975 365 1040 buius
389 974 462 1040 libri
480 974 540 1041 155
562 981 722 1059 apparet,
743 993 807 1058 quo
829 973 986 1059 promittit
1007 992 1152 1056 eaquae
1175 994 1264 1038 num-

153 1097 251 1164 quam
280 1077 464 1163 praestitit.
488 1082 626 1143 ceterum
649 1096 745 1142 versu
767 1077 912 1161 proximo
936 1077 998 1143 236
1020 1076 1145 1142 Nonius
1167 1076 1264 1142 utitur

151 1201 182 1266 p.
200 1181 274 1263 234,
291 1180 332 1245 2.
1246 1191 1248 1196 ”

240 1281 313 1348 239.
341 1283 466 1347 Dauno
494 1303 618 1346 nnnnu
645 1302 756 1346 ouurs
782 1302 902 1345 uuunr
931 1301 1076 1346 urruns
1106 1304 1264 1349 runaut.

150 1385 338 1465 Quadratus
354 1385 452 1450 Debet
466 1388 566 1451 omnio
581 1385 667 1451 edero
681 1384 797 1450 mendi
803 1434 812 1467 ,
828 1383 887 1450 sed
902 1385 1030 1450 lineolis
1045 1385 1262 1470 interpositis,

148 1487 271 1572 quibus
298 1487 450 1553 librarius
473 1507 583 1554 verum
605 1486 834 1553 vocabulorum
858 1486 1004 1553 ordinem
1032 1487 1264 1553 restituendum
1289 1485 1298 1496 “

148 1610 226 1656 esse
238 1587 455 1672 significavit,
472 1590 623 1674 idemque
635 1609 710 1655 mox
723 1589 786 1654 242
798 1591 888 1655 Haec
899 1589 1005 1656 odem.
1022 1589 1082 1656 boc
1093 1589 1167 1654 ideo
1182 1589 1263 1676 dixi,

148 1713 191 1759 ne
213 1711 309 1776 quem
324 1693 499 1758 Lambinus
522 1699 554 1758 et
575 1691 816 1777 Haveroempus
840 1693 872 1756 in
896 1711 1035 1758 errorem
1057 1693 1264 1759 inducerent.

147 1794 210 1862 sed
223 1793 331 1861 eodem
341 1797 508 1861 coosr'stere
520 1815 646 1862 omnem
662 1794 772 1860 mundi
788 1801 936 1860 naturam
952 1795 999 1860 rei
1015 1815 1079 1860 non
1092 1795 1243 1876 convenit
1256 1819 1263 1860 :

147 1918 227 1965 narn
251 1897 337 1981 quod
359 1899 471 1964 mundi
493 1904 602 1984 partes
624 1897 755 1964 nativae
778 1903 809 1964 et
831 1897 982 1963 mortales
1005 1904 1102 1981 sunt,
1127 1917 1190 1962 uon
1214 1923 1264 1963 ea-

147 2001 222 2066 dem
233 2050 242 2084 ,
259 2000 320 2066 hoe
341 2007 390 2067 est
411 2007 467 2066 aut
488 2026 553 2067 aaa
575 2007 631 2066 aut
652 2001 760 2068 eodem
781 2001 835 2066 oia
846 2050 854 2084 ,
871 2001 1012 2066 cmrcalrtr't
1034 1999 1130 2066 totius
1153 1999 1264 2064 mundi

146 2109 290 2188 natura,
307 2103 364 2168 sed
379 2110 552 2189 propterea
573 2105 647 2190 ipsa
668 2102 813 2170 mortalis
835 2109 866 2168 el
887 2103 1000 2169 natira
1016 2121 1089 2168 esse
1104 2101 1266 2169 censenda
1326 2117 1328 2120 ·

147 2213 224 2273 est.
250 2212 336 2272 reete
353 2205 504 2271 Gilanius
519 2208 617 2274 Debet
638 2227 762 2271 ronan
785 2207 896 2272 nativo
918 2223 958 2270 ae
980 2205 1106 2270 mortali
1130 2223 1266 2290 corpore

146 2309 330 2377 consistere
349 2309 466 2394 potari
478 2357 486 2373 .
509 2307 603 2374 addit
625 2310 780 2376 Gisanius·
797 2308 854 2374 ‘ita
876 2314 1000 2375 veteres
1022 2307 1157 2372 nostri’:
1180 2308 1266 2372 idem
1325 2309 1331 2320 '

147 2411 330 2478 Lambinus
356 2411 390 2476 in
415 2411 507 2478 libris
529 2411 768 2477 Parisiensibus
795 2411 928 2497 reperiri
951 2409 1049 2495 dicit,
1073 2409 1134 2477 hoe
1156 2416 1205 2476 est
1230 2411 1265 2476 in

147 2513 298 2582 editione
314 2512 480 2596 Ascensii,
497 2533 515 2579 e
537 2533 602 2596 qua
617 2513 792 2598 Forbiger,
808 2515 863 2598 qui
883 2533 925 2580 ea
945 2533 1022 2580 usus
1045 2519 1114 2598 est,
1131 2532 1195 2578 non
1219 2533 1267 2578 re-

147 2617 276 2702 gessit,
292 2635 364 2681 cum
385 2621 492 2682 tamen
515 2614 559 2680 ibi
583 2615 679 2700 plane
702 2615 748 2681 ita
770 2621 921 2700 scriptum
943 2615 1005 2693 sit.

238 2719 314 2784 241.
331 2717 511 2784 Oonroan
533 2738 700 2782 unrrvorr
721 2739 957 2784 uonranrsus
982 2739 1068 2784 assu
1094 2711 1264 2783 rubuere.

147 2819 339 2902 Quadratus
354 2827 387 2886 et
401 2841 426 2912 a*
436 2826 615 2887 correctore
630 2821 789 2905 oblongus
812 2823 977 2886 nutrirem.
1001 2828 1067 2886 tum
1090 2820 1265 2904 quadratus
1305 2891 1307 2896 ,

145 2925 320 2992 motcla‘bac
335 2947 401 2990 ease
414 2923 551 3011 superae
569 2973 576 2988 .
599 2924 673 2990 olim
695 2923 842 3006 impressi
858 2924 964 2990 nativo
979 2923 1184 3006 mortalibus,
1200 2923 1266 2988 Ma-

147 3030 255 3096 rullus
276 3028 383 3092 ocrim
409 3027 660 3108 immortalrbao,
683 3024 906 3090 Wakefieldus
932 3027 1038 3090 activo
1065 3027 1100 3090 ι’νι
1125 3027 1265 3090 mortali-

146 3134 209 3198 bus
222 3156 233 3196 .·
248 3139 332 3195 unus
351 3129 534 3212 Naugerius
556 3133 642 3194 recto
663 3129 769 3193 nativo
792 3149 836 3190 ao
858 3127 1066 3193 mortabilem.
1090 3127 1265 3193 Lambinus

147 3249 176 3302 et
187 3284 198 3318 ,
216 3232 367 3316 quamvis
388 3231 486 3317 paulo
509 3237 584 3296 aute
605 3236 691 3296 esset
712 3227 818 3296 nativo
841 3255 880 3295 ac
903 3231 1050 3296 mortali:
1066 3235 1097 3294 et
1116 3252 1139 3294 u
1155 3231 1197 3296 ab
1220 3252 1265 3294 re

148 3336 322 3402 minimum
345 3333 464 3400 distet.
1024 3343 1031 3354 '
1070 3331 1074 3336 ’

239 3437 312 3503 245.
337 3458 449 3501 ornei
475 3442 628 3509 ouoonie
655 3457 770 3500 rursu.
795 3436 959 3502 Bentleius
986 3455 1099 3498 rrum.
1123 3435 1265 3503 Liobste-

147 3541 237 3608 dius'
249 3545 282 3605 et
303 3539 459 3623 Forbiger
480 3538 565 3606 idem
576 3588 585 3622 ‚
601 3538 687 3623 quod
711 3538 887 3606 absurdum
909 3545 977 3623 est,
993 3539 1220 3604 restituerunt.

173 3717 178 3726 δ
239 3642 313 3708 247.
341 3643 456 3707 Ιιιιιι)
484 3663 522 3704 ru
548 3663 608 3704 urs
637 3663 755 3705 nasus
784 3664 827 3705 un
855 3661 1103 3707 counrrnrssu
1130 3663 1264 3706 assare

147 3749 208 3814 lia
233 3765 342 3810 urnr.
363 3746 414 3810 Ita
435 3743 536 3830 plane
555 3742 753 3830 quadratus,
770 3746 923 3811 Memibi:
939 3744 1098 3827 oblongus
1121 3750 1152 3809 et
1167 3743 1265 3810 Vero-

147 3849 263 3916 nensis
285 3848 384 3913 editio
408 3847 561 3930 Memini,
577 3846 753 3913 Brixiensis
777 3867 849 3913 oum
872 3847 963 3913 Italis
986 3846 1123 3912 Marullo
1152 3848 1265 3914 ceteris

148 3952 306 4018 Memmi.
323 3951 357 4016 id
372 3949 459 4034 quod
474 3949 566 4015 unice
582 3969 693 4016 verum
716 3956 765 4016 est
787 3970 827 4016 ex
850 3947 1008 4035 quadrato
1024 3950 1265 4036 Havercampus
1307 3983 1318 4007 ο

65 4131 69 4140 .
146 4073 217 4120 nou
241 4053 387 4119 rettulit:
410 4051 584 4118 Lambinus
604 4051 631 4118 si
648 4053 832 4120 a'lurnebo
855 4072 895 4119 ex
918 4051 1030 4118 eodem
1054 4052 1165 4118 codice
1188 4053 1264 4120 alla·

145 4165 218 4224 tum
241 4155 396 4240 vidisset,
412 4175 476 4221 non
499 4161 686 4240 temptasset
707 4179 746 4221 oe
760 4181 808 4221 me
822 4155 999 4242 crrr'pcr'ase
1014 4157 1117 4222 rearis
1133 4206 1141 4222 .
1161 4155 1264 4221 Varro

147 4259 192 4324 de
215 4255 331 4341 lingna
352 4258 471 4324 Latina
485 4257 567 4323 libro
584 4279 629 4320 vu
644 4279 675 4344 p.
688 4259 750 4324 371
767 4259 905 4345 clepere,
921 4255 959 4321 id
972 4260 1208 4346 eeteorrr'pere.
1230 4257 1266 4322 il-

147 4361 303 4426 lustravit
332 4359 415 4425 bunc
441 4359 530 4427 verbi
558 4379 650 4425 usum
673 4361 856 4427 Gronovius
885 4360 917 4423 in
941 4359 1199 4426 observationum
1221 4381 1264 4443 rv,

151 4467 192 4531 19
209 4485 242 4548 p.
254 4463 318 4530 300
329 4463 389 4529 301
406 4511 413 4526 .
430 4462 577 4528 similiter
592 4471 698 4529 autern
711 4463 843 4548 sceptici
856 4457 1080 4551 συναρπάζειν
1094 4461 1132 4528 τὸ
1149 4455 1265 4546 ζητού-

146 4589 252 4652 μενον
274 4565 385 4632 dleuul
405 4561 484 4642 τούς
506 4557 637 4644 ἑαυτοῖς
657 4564 718 4652 τὴν
740 4561 847 4653 κρίσιν
869 4563 1130 4652 ἐπιτρέποντας.
