3036 5150
653 317 686 384 11
1128 311 1130 316 ’
1164 317 1226 386 103

131 489 253 554 llnninm
280 487 341 554 hoe
369 487 525 554 voeabulo
557 507 649 554 usum
676 507 747 554 esse
770 487 999 571 Hertnbergins
1027 488 1115 555 solus
1145 489 1226 573 seit,

128 591 178 676 qni
196 592 236 658 sd
256 591 458 674 Propertium
474 611 494 675 r,
511 591 541 675 2,
557 592 578 655 3
601 590 741 680 ‘myrrha
762 590 976 657 seribendum’
1001 591 1107 677 inquit
1128 590 1224 659 ‘reete

10 712 11 768 ξ
128 693 191 760 Ghr.
207 691 345 758 Baebius
367 690 539 775 admonet;
560 687 673 758 morbo
693 693 799 778 enim,
823 694 908 777 qnod
924 692 1133 760 Laebmanno
1155 693 1224 780 plu·

11 804 14 819 '
127 796 202 880 enit,
217 796 303 882 lapis
318 801 367 860 est
378 844 386 878 ,
398 813 464 860 non
479 795 598 879 herba5
612 795 680 860 alia
695 795 834 880 denique
850 797 966 881 Ennii,
985 796 1052 862 alia
1066 796 1224 882 Propertii

127 896 382 983 orthographia)
407 895 459 990 bie
487 903 519 963 et
546 897 785 964 cavillationem
812 903 844 963 et
872 917 1005 984 gravem
1033 899 1067 966 in
1093 897 1225 986 myrrbs

12 1055 13 1060 ,
59 1060 72 1082 ,
126 1002 211 1066 berta
238 1019 379 1065 errorem
413 999 552 1068 sortasse
585 999 759 1080 evitasset,
793 999 820 1066 si
854 1006 910 1066 aut
942 1000 1156 1067 Foroellinum
1190 1002 1225 1067 in

125 1105 247 1190 myrrho
274 1121 423 1187 quoque,
446 1121 512 1168 non
534 1108 656 1168 tantum
679 1103 712 1167 in
734 1104 887 1188 murelo,
914 1103 1146 1189 consuluisset,
1170 1110 1226 1170 aut

125 1206 258 1292 Philippi
280 1204 437 1288 Wagneri
464 1203 693 1290 orthographia
714 1205 902 1289 Vergiliana
929 1226 1007 1272 usus
1035 1211 1140 1292 esset,
1167 1207 1223 1292 qui

125 1309 161 1374 de
180 1331 291 1374 murra
313 1304 397 1372 dixit
418 1327 450 1392 p.
465 1306 550 1374 485.

11 1407 12 1420 ¹
198 1411 271 1476 512.
295 1409 1223 1496 Qusnouournrruorvsunn‚nnsusanun1rsonnvs

123 1515 223 1578 Frrvrs
244 1533 439 1584 uraruouu
460 1533 580 1577 rnunr
604 1535 757 1578 summanr
773 1561 781 1578 .
797 1513 851 1579 Sin
873 1519 1019 1599 veteres;
1042 1513 1128 1599 qnod
1151 1533 1222 1582 uum

123 1617 290 1684 Lambinus
313 1622 345 1681 et
359 1615 603 1702 Havereampus
618 1622 693 1682 ante
709 1615 819 1682 oeulos
841 1614 1016 1700 baberent,
1040 1617 1122 1683 alter
1144 1617 1222 1684 levi·

10 1760 15 1784 .
123 1727 180 1786 tate
206 1719 320 1786 duetus
347 1736 412 1783 non
442 1718 542 1803 vidit,
571 1721 653 1786 alter
680 1717 856 1784 stoliditate
884 1724 1015 1803 torpens
1045 1719 1221 1786 notandum

12 1891 13 1898 ,
123 1842 179 1889 non
202 1821 314 1888 duxit.
330 1820 489 1888 Antonius
504 1821 621 1906 Marii,
638 1819 808 1906 impressi,
824 1818 1001 1904 Marullus,
1024 1845 1086 1887 noa
1100 1835 1173 1887 surrt
1186 1824 1222 1888 in

12 1919 13 1954 ³
123 1929 205 1993 rebus
220 1924 348 1992 reddita
364 1973 371 1988 .
388 1923 462 1990 bino
476 1921 718 2007 Wakefieldns,
740 1921 795 2007 qni
810 1920 862 1990 hie
877 1921 966 1990 solus
981 1923 1104 2008 aliquid
1119 1923 1221 2010 vidit,
1237 1971 1243 1982 .
1266 1936 1272 1949 ·

121 2032 190 2116 quio
211 2029 305 2094 rubos
326 2025 455 2092 reddita
475 2039 561 2093 certo
574 2027 667 2092 Fo'us'e
688 2027 845 2112 utrimque
868 2038 947 2092 tenet
967 2050 1120 2092 summam
1130 2075 1139 2112 ‚
1163 2026 1220 2092 ita-

14 2133 16 2190 }
122 2153 176 2217 qno
198 2128 404 2197 Eiehstadins
427 2134 459 2195 et
480 2127 657 2214 Forbiger3
685 2127 794 2212 quisi
821 2127 936 2194 Latina
963 2128 1119 2213 suissent,
1147 2129 1221 2196 sori·

122 2233 190 2300 bere
211 2231 375 2298 debebant
396 2252 483 2315 sen,
505 2249 570 2296 non
593 2232 693 2318 queit.

196 2334 272 2403 514.
294 2333 496 2398 Mensarum
511 2353 662 2406 eunoun
677 2353 857 2397 rur-*rursus
871 2380 879 2399 .
891 2332 1046 2400 Marullus
1062 2355 1220 2404 murare.

17 2495 18 2500 ,
122 2438 285 2505 Materiam
299 2437 441 2522 primus,
457 2442 611 2520 quantum
627 2435 767 2520 reperire
781 2434 892 2522 potui,
914 2434 1040 2522 Faber3
1065 2457 1158 2522 quem
1173 2457 1221 2505 re·

18 2588 19 2597 ,
122 2540 271 2612 oentiores
294 2537 394 2606 seeuti
415 2545 489 2604 snut
510 2539 626 2624 supina
647 2537 874 2623 neglegentia.

195 2642 271 2708 515.
304 2642 477 2713 Darvroun
503 2661 548 2704 sn
574 2652 729 2705 renraus
757 2661 803 2704 su
831 2660 989 2704 ounruss
1015 2661 1221 2714 srnursoun

16 2829 17 2832 Ἴ
122 2765 273 2810 vaursss
300 2743 532 2810 Frrvrruusn.
555 2743 697 2810 bunum
729 2743 956 2830 interpretibus
989 2743 1117 2810 videtur
1149 2765 1222 2812 esse

122 2845 254 2931 defiur'tr'o
266 2857 279 2912 .’
290 2847 351 2912 hoe
364 2846 392 2912 si
406 2844 525 2931 quibus
539 2845 690 2912 Latinum
706 2843 887 2930 videbitur,
907 2849 993 2911 certe
1009 2848 1150 2932 protinus
1168 2871 1221 2935 ps·

123 2947 197 3014 lidos
209 2949 381 3036 hiemesque
393 2949 501 3035 inepte
514 2947 578 3014 diei
592 2947 776 3014 fatebuntur
790 2996 797 3012 .
814 2948 923 3031 itaque
934 2948 1136 3032 perspicuum
1152 2947 1221 3034 es't,

123 3049 169 3115 nbi
188 3051 306 3136 legitur
320 3053 492 3138 lrebmmqus
502 3101 511 3136 ,
531 3050 575 3117 ibi
591 3050 702 3116 vitium
719 3070 810 3118 esse.
826 3067 931 3134 neque
953 3047 1093 3116 dubitari
1116 3058 1223 3136 potest

123 3153 191 3236 qnin
211 3152 305 3220 bnins
327 3153 477 3218 vocabuli
504 3173 582 3238 pars
608 3158 753 3220 extrema
782 3171 853 3220 esse
876 3149 994 3218 debeat
1017 3176 1136 3238 osque:
1162 3155 1221 3220 sed

13 3275 14 3321 1
124 3259 190 3322 suto
210 3255 293 3322 bane
314 3273 426 3321 voeem
448 3253 531 3321 illud
553 3254 659 3340 ipsum
680 3257 839 3344 spanum,
866 3252 953 3338 quod
976 3254 1151 3322 Lambinus
1175 3256 1221 3322 in·

13 3375 14 3378 ¹
124 3355 223 3442 tellegi
245 3356 366 3437 voluit,
389 3356 595 3424 scribendum
611 3365 679 3444 est,
702 3357 755 3424 vel
770 3357 896 3442 potius,
920 3357 998 3440 quia
1012 3376 1108 3443 porro
1124 3365 1221 3426 retro·

12 3473 13 3477 ’
124 3477 179 3541 que
192 3479 336 3526 mensum
350 3478 390 3526 ae
401 3459 647 3527 determinatum
663 3460 798 3546 dieitur,
815 3460 897 3544 iter,⁸
912 3458 973 3525 boe
989 3458 1084 3525 modo
1098 3509 1106 3544 ,
1122 3462 1232 3528 Doni.

124 3583 176 3644 pus
202 3563 240 3628 oh
268 3563 395 3650 spusbus
422 3561 468 3628 od
489 3563 616 3652 pelidae
637 3584 725 3626 rnna
746 3583 867 3634 usoun
889 3562 1030 3648 pruinas
1051 3563 1223 3631 Bb'uitumst

12 3750 16 3759 Ι
124 3675 256 3752 retroque
267 3665 350 3752 pori
360 3666 481 3732 rotinus
495 3678 717 3732 remensumnt.
734 3664 781 3732 sie
796 3663 882 3730 enim
894 3663 1072 3749 quadratus
1084 3714 1092 3752 ,
1105 3691 1222 3734 romeu·

125 3780 228 3850 mous,
240 3767 402 3852 oblongus
413 3782 586 3834 remeasset
594 3819 604 3855 ‚
616 3774 651 3835 nt
664 3768 698 3833 in
713 3789 758 3853 111,
771 3767 834 3833 668
846 3767 1024 3852 quadratus
1031 3767 1221 3854 putandum.

11 3934 12 3943 ,
199 3868 270 3935 517.
299 3866 417 3935 Ounrs
444 3890 533 3934 nuru
562 3890 684 3936 onnon
709 3891 754 3934 so
778 3891 930 3950 sarnus,
953 3890 1139 3942 unorronn
1161 3892 1221 3936 ns-

10 4031 11 4034 ,
125 3985 230 4036 nonus
252 3973 368 4038 Iunas
390 3993 584 4046 usnssoun
606 3993 740 4036 rncnrvs
755 3994 765 4040 ¹.
781 3972 922 4040 ‘Ommh
945 3972 966 4038 i.
981 3991 1008 4038 e.
1032 3971 1142 4039 Omnis
1165 3998 1221 4040 on-

126 4091 178 4136 nus
199 4087 240 4140 ost
261 4075 372 4162 ealor,
396 4094 435 4140 ae
457 4075 578 4161 frigus3
601 4073 680 4140 nibil
702 4074 822 4142 aliud!
846 4075 892 4140 ita
914 4075 965 4141 bie
980 4073 1220 4160 Wakefieldus,

128 4174 242 4258 temque
263 4176 434 4243 ridiculum
455 4177 662 4264 interpretem
682 4182 841 4243 nostrates
864 4176 1087 4244 venerabundi
1110 4196 1222 4244 seeun-

128 4275 189 4338 lur.
205 4275 359 4358 Marullus
374 4281 467 4346 Finis
482 4282 579 4357 sarrin,
594 4279 770 4346 Lambinus
785 4271 875 4346 Fue
887 4328 894 4347 .
906 4299 1017 4346 verum
1033 4283 1082 4344 est
1098 4275 1221 4342 Auara

130 4377 202 4442 turbs
214 4382 299 4448 calor
313 4373 496 4470 ucfm'pus:
518 4381 618 4448 ambit
633 4397 741 4448 ereata
750 4432 760 4466 ,
777 4402 911 4466 quorum
927 4403 1081 4448 summum
1097 4381 1222 4466 explent

130 4477 217 4546 aedit
234 4495 377 4573 tepores.
401 4503 476 4550 mox
498 4483 652 4552 Marullus
674 4485 762 4550 [utor
784 4498 975 4572 utrumque.
999 4479 1220 4550 Wakefieldns
