3052 5144
384 445 425 510 aa
807 517 814 530 ,
924 442 967 506 111

327 629 360 678 cc
385 613 521 696 percipit
543 611 699 678 humanos
721 611 830 676 odium
852 611 995 694 lucisque
1018 611 1195 690 ridendae,

383 732 416 789 ut
439 725 499 791 sibi
522 727 723 793 consciscant
744 728 896 794 maerenti
919 732 1047 810 pectere
1070 727 1187 802 letum,

384 839 474 905 obliti
497 840 617 907 sontem
640 861 787 908 curarum
810 841 894 908 hunc
917 861 989 908 esse
1011 842 1180 916 timorem,

384 954 467 1020 hunc
489 975 606 1022 vexare
630 957 802 1040 pudorem,
820 957 904 1024 hunc
924 957 1055 1023 vincula
1079 956 1231 1022 amicitiai

381 1089 529 1154 rumpere
553 1078 583 1136 ct
605 1073 637 1136 in
660 1093 783 1138 summa
805 1073 956 1156 pietatem
978 1077 1120 1138 evertere
1143 1071 1279 1136 fraude:

324 1203 357 1250 aa
383 1203 456 1248 nam
479 1185 542 1249 iam
565 1205 666 1270 saepe
690 1186 834 1252 homines
857 1189 993 1272 patriam
1015 1205 1174 1268 carosque
1196 1185 1339 1268 parentis

381 1299 609 1383 prodiderunt,
625 1301 726 1366 vitare
748 1299 923 1366 Acherusia
944 1301 1063 1385 templa
1083 1305 1250 1384 petentes.

382 1433 456 1478 narn
479 1417 529 1480 vel
552 1416 595 1479 nti
619 1417 709 1502 pueri
732 1415 893 1500 trepidant
915 1425 1010 1498 atquc
1033 1415 1141 1480 omnin
1163 1413 1269 1480 caecis

381 1528 412 1592 in
436 1529 575 1594 tenebris
599 1535 759 1612 metuunt,
777 1530 824 1595 sic
846 1551 904 1596 nos
927 1531 960 1596 in
982 1530 1054 1594 luce
1076 1529 1222 1594 timemus

379 1643 462 1709 inter·
484 1644 580 1727 dunr,
598 1645 662 1708 nilo
686 1664 770 1726 qnae
792 1653 865 1710 sunt
888 1643 1060 1711 metuenda
1082 1644 1186 1726 rnagis
1210 1663 1306 1726 quarn

283 1779 355 1842 ‚aa
381 1779 463 1841 qnae
486 1759 578 1843 pueri
601 1759 633 1822 in
656 1759 797 1824 tenebris
820 1759 972 1844 pavitant.
987 1759 1173 1842 finguntque
1195 1756 1321 1822 futura.

309 1893 313 1902 ’
379 1874 462 1938 hunc
484 1873 580 1954 igitur
601 1879 754 1939 terrorem
777 1875 872 1940 animi
895 1875 1106 1956 tenebrasque
1128 1881 1292 1938 necessest
1505 1848 1506 1922 Ὺ

378 2009 442 2052 non
465 1987 546 2051 rndii
570 1987 649 2052 solis
671 2007 773 2071 neque
796 1989 903 2054 lucida
925 1989 990 2054 tela
1012 1988 1077 2054 diei

378 2102 568 2185 discutiant,
586 2102 644 2167 sed
668 2109 802 2168 naturae
825 2104 949 2188 specics
973 2105 1140 2188 ratioque.

416 2217 557 2281 Primunr
579 2218 716 2282 animum
740 2218 831 2302 dico,
849 2225 985 2286 mentem
1007 2235 1225 2301 quamsaepe
1249 2233 1412 2288 romanus,

320 2350 352 2398 an
378 2330 410 2396 in
434 2351 497 2412 quc
522 2331 689 2396 eonsilium
711 2333 795 2398 vitae
817 2334 1025 2416 regimenque
1048 2332 1186 2396 locatum
1210 2337 1278 2404 est,

379 2464 453 2512 esre
475 2445 613 2512 hominis
636 2453 760 2532 partem
784 2449 848 2514 nilo
871 2447 975 2512 nrinns
998 2467 1036 2512 ac
1057 2466 1171 2512 manus
1194 2451 1225 2510 et
1247 2463 1307 2528 pes

376 2567 472 2642 atque
495 2561 598 2626 oculei
621 2569 729 2646 partes
751 2563 921 2630 animantis
943 2564 1038 2629 totius
1065 2566 1194 2628 extant.

376 2809 504 2856 sensum
529 2791 626 2855 animi
650 2799 738 2858 certa
760 2813 824 2859 non
847 2811 919 2858 esse
941 2792 973 2855 in
997 2797 1089 2874 parte
1111 2789 1274 2870 locatum,

374 2923 486 2970 verunr
510 2903 652 2970 habitum
676 2907 836 2988 quendam
859 2905 988 2972 vitalem
1011 2904 1155 2990 corporis
1177 2921 1270 2978 esse,

303 3038 351 3084 100
377 3018 575 3084 harnrcnienr
600 3019 676 3085 Grai
700 3041 796 3103 quam
818 3021 946 3104 dicunt,
964 3019 1050 3101 qnod
1073 3018 1171 3084 faciat
1192 3037 1254 3082 nos

374 3135 481 3200 virere
503 3154 574 3198 cunr
597 3153 714 3218 sensu,
731 3136 821 3200 nulla
844 3156 915 3200 curn
938 3136 969 3198 in
992 3141 1085 3218 parte
1105 3133 1166 3198 siet
1185 3151 1295 3212 nrens3

376 3255 411 3312 ut
432 3250 517 3314 bona
540 3269 640 3333 saepe
665 3248 816 3315 valetudo
840 3269 910 3314 cunr
936 3249 1051 3314 dicitur
1074 3268 1146 3314 esse

376 3362 537 3445 corporis,
554 3371 586 3428 et
607 3385 670 3428 non
693 3347 871 3430 esttamen
895 3365 975 3430 haec
998 3385 1075 3448 pars
1098 3363 1165 3428 nlla
1187 3360 1344 3426 valentis.

375 3477 421 3542 eie
444 3477 541 3542 aninri
565 3498 693 3543 sensunr
716 3500 781 3544 non
803 3485 892 3546 certa
914 3485 1005 3564 parce
1028 3483 1206 3562 reponunt3

302 3611 350 3658 105
375 3611 495 3674 magne
518 3611 615 3676 opere
637 3593 670 3658 in
693 3615 756 3677 qun
779 3595 821 3659 mi
845 3594 963 3662 diversi
986 3613 1094 3659 errare
1116 3592 1284 3656 videntur.

375 3725 475 3791 saepe
497 3706 625 3791 iraque,
643 3707 675 3773 in
698 3715 845 3795 promptu
868 3727 985 3794 corpus
1007 3707 1094 3790 qnod
1116 3707 1274 3790 cernitur,
1291 3709 1416 3792 aegra,

375 3842 446 3886 cnrn
468 3829 576 3887 tannen
599 3842 639 3889 ex
662 3824 728 3888 alia
750 3825 909 3890 laetamur
932 3829 1022 3907 parte
1043 3821 1176 3886 latenti:

376 3943 408 4002 et
431 3944 513 4002 retro
536 3937 570 4002 fit
592 3937 637 4002 uti
659 3946 769 4004 contra
792 3939 833 4004 sit
854 3958 953 4022 saepe
979 3937 1139 4020 vicissim,

373 4071 444 4116 cum
467 4051 563 4118 miser
586 4073 626 4119 ex
649 4053 757 4119 anirnc
780 4053 919 4120 laetatur
941 4070 1075 4136 corpore
1097 4057 1187 4132 t0t0;

373 4217 574 4228 ————...-

377 4319 407 4368 81
430 4320 586 4370 coniciseanr
606 4319 619 4388 ss
639 4323 673 4371 84
692 4321 785 4385 pietate
805 4318 818 4390 ΙΙ
838 4319 942 4370 suadet.
963 4318 977 4388 ΙΙ
997 4321 1029 4370 94
1049 4333 1124 4381 quem
1143 4315 1157 4386 Η
1178 4320 1210 4366 95
1225 4325 1342 4366 vocatum
1364 4311 1377 4384 ΙΙ
1397 4313 1439 4364 100
1449 4317 1475 4356 ¹⁸·

377 4408 428 4463 ciat
448 4406 462 4482 Η
484 4413 531 4459 106
551 4425 672 4476 aegrum.
693 4405 707 4479 Η
730 4411 777 4458 108
798 4409 840 4458 nbi
