2996 5148
536 445 580 510 VI

39 616 183 700 rnnspieies
204 616 358 702 hominis,
374 617 409 682 fit
429 624 463 682 nt
485 617 588 684 omnis
611 616 716 683 dieere
740 636 855 683 eausns

38 733 172 796 conveniat
191 733 262 810 leti,
279 733 403 799 dicatur
424 713 459 796 ni
479 731 568 797 illins
590 752 674 798 uns:

38 865 202 930 iamneque
223 866 293 914 eum
317 846 404 914 ferro
427 867 487 914 nee
509 846 627 932 frigore
649 845 777 912 vincere
799 845 905 930 poesis

38 960 161 1026 interiisse
182 981 282 1045 neque
305 984 327 1028 a
349 964 458 1028 morbo
481 983 585 1044 neque
607 962 689 1027 forte
710 979 857 1038 venene,

17 1093 119 1138 rrernrn
138 1077 253 1159 aliquid
276 1097 398 1164 genere
420 1097 492 1144 esse
516 1097 556 1143 ex
579 1078 639 1143 hoe
661 1077 745 1160 quod
770 1076 900 1160 contigit
922 1077 951 1142 ei

37 1189 139 1254 scinne.
154 1191 223 1256 item
246 1193 276 1256 in
301 1193 411 1260 multis
432 1192 493 1258 hoe
517 1193 613 1259 rebus
636 1191 743 1258 dinere
766 1192 942 1257 habemns.

63 1305 134 1370 Nilus
154 1305 183 1371 in
205 1314 362 1374 aestatem
387 1307 500 1374 erescit
522 1308 709 1392 campisque
731 1307 907 1390 redundat,

37 1417 117 1484 nniens
134 1420 163 1484 in
184 1423 277 1487 terris
301 1424 439 1508 Aegypti
463 1424 559 1490 totins
582 1424 706 1488 amnis.

37 1531 53 1594 ie
69 1533 133 1615 riget
153 1538 337 1622 Aegyptum
358 1539 497 1604 medium
520 1559 577 1623 per
599 1555 697 1622 saepe
720 1537 901 1612 calorem„

17 1658 73 1711 rnnt
89 1651 153 1730 qnia
172 1660 244 1717 sunt
266 1659 393 1720 aestate
416 1655 583 1738 aquilones
605 1653 688 1720 ostia
712 1659 842 1726 eontra,

17 1763 86 1828 4anni
104 1771 236 1851 ienrpore
259 1789 301 1834 eo
326 1768 379 1852 qui
403 1771 523 1834 etesiae
546 1788 617 1834 esse
638 1768 801 1844 seruntur,

38 1889 56 1936 rt
71 1887 161 1946 eontra
181 1881 314 1947 fluvium
336 1882 449 1948 flantes
471 1889 671 1948 remorantur
694 1891 725 1946 et
746 1883 851 1947 undas

40 2001 150 2074 egentes
171 2017 283 2064 sursus
307 1999 431 2084 repient
453 2005 635 2082 coguntque
658 2017 809 2064 manere.

42 2123 84 2168 nn
101 2103 328 2199 dubio'proenl
352 2114 431 2178 haee
455 2114 593 2179 adverso
615 2112 717 2178 flabra
739 2114 880 2178 seruntur

17 2217 146 2303 sinnius,
163 2249 246 2311 qnae
270 2229 390 2314 gelidis
412 2229 452 2294 ab
476 2229 577 2294 stellis
600 2229 670 2293 axis
691 2236 849 2312 aguntur:

50 2333 115 2405 iiten
136 2343 290 2410 aestifera
313 2345 393 2428 perti
416 2345 503 2411 venit
524 2343 626 2410 amnis
650 2345 692 2410 ab
715 2349 845 2419 austro,

46 2447 89 2518 ine
105 2459 190 2542 nigra
212 2461 319 2524 virum
341 2467 490 2543 percocto
514 2461 622 2527 sneeia
644 2459 752 2526 eolore

42 2571 144 2640 enn'ens
165 2576 296 2662 penitus
319 2575 426 2641 media
449 2576 491 2640 ab
514 2575 644 2661 regione
668 2574 751 2640 diei.

39 2690 66 2743 ei
81 2707 191 2772 <qnoque
213 2691 260 2755 uti
283 2690 386 2776 possit
408 2711 544 2774 magnus
568 2697 738 2775 congestus
760 2689 902 2754 herenee

17 2794 140 2870 rinetibns
162 2805 313 2872 adversis
336 2806 482 2890 oppilare
506 2808 589 2872 osiia
612 2813 743 2888 eontra,

36 2928 80 2976 rnn
98 2939 177 2988 nere
199 2927 380 3006 permotum
403 2921 506 2987 ventis
529 2922 592 2985 ruit
614 2921 699 2986 intus
722 2921 895 2996 harenam

36 3047 74 3104 qne
92 3031 119 3095 fit
138 3036 181 3098 nti
203 3041 301 3119 paeto
324 3036 406 3102 iiber
429 3037 532 3102 minus
555 3035 659 3101 esitus
682 3036 767 3100 amni

35 3152 53 3200 et
68 3148 199 3227 proclivis
221 3149 300 3214 item
323 3149 379 3216 fiat
400 3150 504 3216 minus
527 3150 664 3235 impetus
687 3149 801 3214 undis.

35 3252 53 3316 fit
70 3280 180 3344 qnoque
203 3263 252 3328 nti
275 3263 424 3347 pluviae,
441 3263 572 3349 forsan,
590 3265 694 3349 magis
717 3266 759 3330 ad
783 3271 879 3350 eaput
902 3265 931 3330 ei

17 3377 140 3456 *tenpore
162 3397 200 3442 eo
223 3377 323 3460 fiant,
341 3379 428 3464 quod
451 3379 553 3446 etesia
575 3379 677 3444 flabra
700 3381 885 3462 aquilonum

35 3485 114 3552 nubile
134 3491 294 3558 coniciunt
317 3493 349 3557 in
373 3512 429 3558 eas
451 3501 526 3560 tune
550 3495 659 3560 omnis
680 3495 800 3579 partis:

35 3600 140 3689 silicet,
156 3607 200 3671 ad
222 3606 362 3672 mediam
385 3607 549 3690 regionem
574 3610 677 3676 eiecta
700 3609 765 3674 diei

34 3727 80 3777 ern
99 3727 331 3796 convenerunt,
346 3721 391 3787 ibi
413 3723 455 3787 ad
478 3724 561 3788 alies
584 3724 723 3806 denique
746 3723 863 3788 moniis

34 3835 168 3898 emensae
190 3835 294 3900 nubes
317 3841 472 3920 eoguntur
495 3837 588 3920 vique
610 3843 815 3923 premuntur.

17 3937 137 4012 iirrsiian
158 3949 352 4035 Aethiopum
374 3951 501 4035 penitus
523 3953 563 4018 de
584 3951 747 4017 montibus
768 3951 843 4015 aitis

35 4105 200 4127 *¹*-

37 4214 70 4260 T⁰i
86 4218 192 4284 Namque
217 4220 230 4290 ΙΙ
256 4226 304 4272 710
323 4223 413 4274 Utmrn
431 4239 522 4287 genere
546 4224 642 4288 reliquid
668 4221 681 4292 ΙΙ
707 4221 856 4272 contioiteI.
883 4221 896 4289 Η
922 4226 934 4270 7
942 4225 971 4272 re
995 4222 1084 4272 etesire
1110 4219 1123 4289 ΙΙ

38 4299 71 4347 tn
87 4305 158 4356 nanto
178 4307 192 4378 ιι
213 4311 263 4358 ree
283 4295 391 4359 niuem
411 4311 423 4378 μ
447 4315 495 4360 ree
515 4313 553 4360 rur
576 4309 589 4380 ΙΙ
611 4315 658 4360 rer
679 4309 776 4360 amun.
798 4311 810 4376 μ
833 4311 882 4358 rso
902 4325 952 4372 quo
