3020 5146
356 428 416 490 144
890 421 948 484 llll

353 599 385 658 et
406 592 533 658 facilest
555 591 660 676 factu,
677 593 828 672 quoniam
852 591 1022 656 coniuncta
1044 598 1189 657 tenetur.

276 728 327 774 cao
350 707 427 772 inde
451 726 490 771 ea
513 726 668 790 proporro
692 725 808 790 corpus
829 705 918 780 terit,
935 713 1030 788 atque
1053 705 1099 770 ita
1121 712 1187 772 tota

351 820 505 905 paulatim
529 819 630 886 moles
653 820 845 904 protruditur
867 825 962 902 atque
985 825 1149 885 moretur.

352 942 519 1020 praetcrea
540 941 606 998 tum
629 934 761 1000 rarescit
776 953 902 1017 quoqne
925 955 1062 1020 corpus,
1079 943 1110 1002 et
1131 943 1208 1012 aer,

352 1050 491 1132 scilicet,
509 1055 544 1114 ut
566 1049 738 1140 debetqui
760 1069 886 1134 semper
907 1051 1032 1116 mobilis
1055 1057 1161 1128 extat,

351 1187 409 1251 per
431 1163 594 1250 patefacta
615 1165 704 1230 venit
726 1171 932 1250 penetratque
955 1164 1113 1230 foramina
1134 1166 1264 1248 largus,

276 1303 326 1349 css
352 1289 382 1346 ct
405 1277 602 1364 dispargitur
623 1280 664 1344 ad
687 1281 786 1364 partis
809 1280 853 1345 ita
877 1299 1021 1362 quasque
1044 1280 1180 1345 minutas

354 1395 517 1478 corporis.
535 1394 586 1458 bic
608 1393 703 1476 igitur
727 1397 822 1461 rebus
845 1395 880 1458 lit
901 1395 1059 1476 utrimque
1081 1393 1228 1471 duabus,

351 1509 494 1594 corporis
518 1514 550 1571 ut
571 1509 662 1574 navis
685 1507 765 1573 velis
788 1515 949 1590 ventoque
973 1507 1113 1574 feratur.

352 1643 411 1690 neo
432 1629 538 1688 tamen
561 1623 639 1688 illud
662 1623 695 1687 in
719 1622 768 1688 his
790 1625 886 1689 rebus
909 1625 1055 1690 narrabile
1078 1629 1222 1706 constat,

352 1739 475 1803 tantula
497 1738 583 1820 quod
607 1744 728 1802 lantum
751 1758 868 1822 corpus
890 1739 1081 1824 corpuscula
1103 1746 1237 1823 possunt

277 1876 327 1923 ooo
353 1862 563 1935 contorquere
586 1859 618 1917 et
639 1871 721 1918 onus
744 1859 842 1917 totum
866 1861 1050 1920 convertere
1073 1861 1234 1920 nostrum:

353 1969 470 2053 quippe
494 1968 611 2036 etenim
637 1976 751 2034 ventus
773 1968 883 2052 suptili
905 1989 1039 2054 corpore
1061 1969 1165 2034 tenuis

351 2086 448 2150 trudit
470 2103 571 2166 agens
594 2105 746 2167 magnam
769 2105 885 2170 magno
909 2085 1071 2151 molimine
1095 2103 1230 2160 navem,

352 2207 384 2266 et
407 2220 521 2266 manus
544 2220 608 2264 una
629 2200 711 2283 regit
733 2207 852 2282 quanto
877 2199 925 2264 vis
947 2199 1067 2284 impete
1089 2205 1216 2266 euntem

352 2324 448 2400 atquc
472 2315 702 2397 gubernaclum
726 2321 915 2398 contorquet
937 2336 999 2398 quo
1022 2315 1101 2382 libet
1122 2334 1239 2398 unum,

279 2453 328 2500 noo
353 2433 535 2515 multaque,
554 2451 612 2516 per
634 2432 771 2496 trocleas
794 2437 827 2497 ct
847 2437 1021 2517 tympana,
1039 2431 1184 2516 pondera
1205 2449 1335 2511 magna

353 2553 533 2612 commovet
555 2552 652 2628 atquo
675 2545 738 2611 levi
760 2545 899 2610 sustollit
920 2546 1068 2610 machina
1089 2545 1181 2611 nisu.

392 2663 486 2726 Nunc
509 2661 624 2742 quibus
646 2660 700 2726 ille
723 2659 826 2724 modis
848 2679 979 2724 somnus
1000 2679 1058 2744 per
1080 2659 1224 2724 membra
1248 2659 1394 2740 quictem

352 2775 470 2859 inriget
492 2781 589 2857 atque
612 2773 712 2840 animi
736 2794 827 2839 curas
850 2793 868 2840 e
889 2779 1019 2858 pectore
1041 2774 1164 2857 solvat,

354 2889 528 2957 suavidicis
550 2889 656 2974 potius
679 2909 774 2971 quam
798 2888 905 2954 multis
928 2889 1072 2956 semibus
1095 2889 1210 2967 edcm;

278 3029 328 3076 oro
353 3025 473 3094 parvus
496 3011 530 3068 ut
553 3009 601 3069 cst
624 3004 715 3089 cycni
738 3002 850 3068 melior
873 3023 990 3084 canor,
1007 3006 1061 3070 ille
1083 3023 1196 3087 gruum
1219 3017 1319 3084 quarn

354 3122 475 3188 clamor
498 3119 530 3184 iu
552 3117 705 3185 aetheriis
726 3120 890 3206 dispersus
914 3121 1052 3186 nubibus
1076 3117 1195 3183 austri.

353 3243 386 3300 tu
408 3235 483 3299 mihi
507 3233 551 3298 da
573 3235 676 3300 tenuis
698 3255 792 3302 aures
814 3237 1018 3318 animumque
1041 3251 1214 3315 sagacem,

353 3369 393 3414 nc
417 3348 485 3414 lieri
509 3348 633 3430 negites
656 3369 741 3432 quae
764 3350 868 3416 dicam
893 3368 1011 3434 posse,
1026 3355 1176 3430 retroque

352 3483 428 3528 vora
449 3461 623 3546 repulsanti
647 3461 796 3528 discedas
817 3470 948 3547 pectore
971 3463 1075 3544 dicta,

280 3597 330 3643 mo
355 3582 488 3642 tutemet
509 3576 542 3640 in
563 3575 658 3659 culpa
680 3596 751 3642 cum
773 3577 819 3642 sis
841 3597 945 3662 neque
968 3595 1098 3642 cernere
1120 3574 1246 3658 possis.

352 3690 510 3774 principio
533 3711 665 3756 somnus
686 3691 721 3754 fit
742 3691 797 3756 ubi
819 3699 868 3757 est
891 3693 1041 3756 distracta
1063 3711 1121 3774 per
1143 3695 1231 3753 artus

353 3803 401 3868 via
424 3804 551 3870 animae
573 3805 754 3889 partimque
776 3806 863 3872 sorau
885 3806 990 3871 eiecta
1011 3804 1144 3870 recessit

353 3923 384 3982 et
407 3919 519 4002 partim
543 3926 692 3984 contrusa
715 3920 819 4001 magis
842 3920 1000 3986 concessit
1021 3920 1053 3983 in
1077 3919 1196 3982 altum:

353 4032 571 4098 dissoluuntur
593 4033 677 4098 enim
699 4041 765 4098 tum
788 4035 915 4100 demum
939 4033 1082 4098 membra
1103 4032 1289 4112 fluuntque.

359 4306 409 4354 889
424 4306 519 4356 iactum
539 4303 553 4375 ΙΙ
573 4308 624 4356 890
636 4307 701 4368 perit
720 4303 734 4374 Η
755 4308 804 4356 scr
820 4313 878 4356 utac
898 4305 911 4374 ΙΙ
932 4307 982 4356 899
996 4303 1110 4355 Tantulo
1122 4301 1136 4372 ΙΙ
1151 4305 1201 4354 900
1215 4305 1329 4368 pondere
1343 4317 1445 4366 magno.
1464 4291 1467 4358 l

359 4393 407 4441 907
422 4393 490 4442 modi
511 4391 523 4461 Η
544 4394 645 4455 quiete.
665 4391 679 4461 Η
700 4396 750 4442 909
770 4393 915 4442 Suautdicis
935 4393 949 4460 Η
971 4395 1021 4441 910
1041 4392 1155 4442 Tutimet
