3052 5144
585 411 633 496 ,Π

30 601 56 647 ac
77 600 137 644 cum
159 587 263 648 tamen
285 581 366 646 inter
389 600 423 646 se
445 599 556 646 versus
578 600 617 646 ac
637 581 738 646 verba
760 601 890 648 neeesse
913 589 961 648 est

76 694 230 760 confiteare
252 696 317 759 alia
339 715 379 760 ex
401 695 475 760 aliis
497 701 645 762 murare
666 697 853 772 elementis;

77 827 132 872 nen
152 829 211 890 quo
233 809 335 876 rnultc
356 830 467 892 parum
490 809 665 874 communis
688 809 795 876 littera
817 817 923 875 currat

79 929 124 986 aut
143 923 217 986 nulli
238 924 321 989 inter
342 944 377 990 se
400 923 463 990 duo
486 925 550 989 sint
570 943 609 990 ex
631 924 779 990 omnibus
800 924 906 1009 idem,

77 1035 125 1100 sed
145 1037 215 1118 quia
236 1059 301 1102 non
322 1039 418 1120 volgo
440 1039 533 1122 paria
555 1039 701 1104 omnibus
723 1040 830 1106 omnia
852 1046 1016 1106 constent.

30 1167 56 1216 ns
76 1150 114 1215 sic
133 1151 201 1216 aliis
222 1153 256 1215 in
278 1153 373 1217 rebus
396 1153 472 1217 item
494 1152 674 1218 communia
696 1154 794 1218 multa

76 1264 226 1329 muitarum
247 1286 351 1330 rerum
375 1286 447 1330 curu
470 1266 534 1330 sint
554 1265 747 1350 primordia,
764 1287 872 1332 verum

73 1377 203 1444 dissimili
225 1385 332 1444 tamen
354 1379 436 1444 inter
458 1399 492 1444 se
515 1381 688 1446 consistere
709 1401 834 1446 summa

73 1499 210 1575 poenum
227 1500 261 1558 ut
281 1494 395 1559 merito
418 1513 458 1560 ex
481 1495 553 1560 aliis
576 1501 721 1570 constare
744 1495 865 1562 feratur

73 1605 227 1672 humanum
249 1628 355 1694 genus
378 1615 410 1674 et
430 1606 539 1693 fruges
561 1610 752 1692 arbustaque
774 1611 881 1676 laeta.

29 1739 53 1781 ur
107 1721 168 1787 Nec
187 1731 294 1788 tamen
317 1722 507 1788 omnimodis
530 1723 653 1788 conecti
675 1743 772 1806 posse
794 1725 968 1807 putandum
992 1731 1041 1790 est

73 1837 392 1918 emnia:nau1vclg0
415 1837 482 1902 fieri
505 1843 652 1922 portenta
673 1837 818 1920 videres,
853 1841 854 1846 ’

72 1951 219 2016 semiferas
240 1953 404 2027 bominum
427 1953 551 2036 species
573 1951 727 2029 existere,
744 1959 775 2016 et
797 1951 880 2018 altos

74 2061 231 2130 interdum
254 2087 363 2132 ramos
385 2068 492 2148 egigni
517 2086 649 2150 corpore
675 2067 767 2150 vivo,

74 2178 214 2262 multaque
237 2183 362 2248 conecti
383 2181 545 2248 terrestria
568 2183 711 2246 membra
732 2182 884 2264 marinis,

28 2305 53 2353 su
72 2295 127 2354 tum
146 2293 305 2360 dammam
329 2303 428 2362 taetro
452 2295 600 2381 spirantis
623 2315 678 2360 ore
701 2293 888 2360 Chimaeras

71 2425 186 2486 pascere
209 2417 359 2475 naturam
381 2431 438 2495 per
460 2419 563 2476 terras
587 2410 831 2493 omniparentis.

73 2539 187 2599 quorum
210 2525 256 2588 nil
279 2525 348 2588 ficri
372 2525 575 2590 manifestum
598 2529 665 2606 cst,
683 2524 790 2590 omnia
813 2524 967 2606 quande·

72 2636 226 2704 seminibus
249 2638 346 2703 certis
368 2645 456 2704 certa
478 2641 642 2720 genetrice
666 2645 775 2704 creata

70 2767 239 2818 conservare
262 2773 367 2835 genus
389 2755 566 2820 crescentia
588 2773 684 2839 posse
705 2753 867 2818 videmus.

30 2877 52 2922 rc
70 2863 192 2949 scilicet,
208 2867 241 2932 id
263 2875 352 2932 certa
373 2867 440 2932 fieri
464 2869 588 2934 ratione
610 2873 791 2936 necessust.

70 2997 132 3041 nam
152 3001 207 3046 sua
229 2982 345 3063 cuique
367 2981 446 3048 cibis
469 3001 510 3047 ex
533 2983 678 3048 omnibus
700 2983 784 3048 intus
806 2983 838 3046 in
861 2989 948 3047 artus

69 3109 186 3176 corpora
208 3095 377 3161 discedunt
399 3117 587 3178 conexaque
610 3097 827 3163 convenientis

70 3204 193 3272 efficiunt
214 3217 341 3275 ructus:
358 3217 392 3274 at
414 3220 525 3278 contra
548 3212 655 3278 aliena
674 3212 819 3276 videmus

69 3318 172 3388 reicere
194 3324 225 3388 in
248 3331 352 3390 terras
375 3331 521 3390 naturam
536 3375 544 3402 ,
560 3327 720 3408 multaque
744 3325 849 3392 caecis

29 3445 50 3488 u
69 3437 235 3515 carceribus
258 3438 423 3521 iugiunte
446 3459 600 3524 corpore,
616 3439 738 3524 percita
759 3439 887 3523 plagis,

69 3563 141 3624 quac
160 3571 263 3632 neque
286 3553 408 3618 conecti
430 3572 589 3634 quoquam
612 3561 744 3638 potuere
766 3573 871 3634 neque
894 3553 979 3618 intus

68 3659 159 3728 vitatis
180 3673 284 3732 motus
306 3667 485 3732 consentire
505 3675 601 3749 atque
624 3668 758 3734 imitari.

69 3773 277 3846 seductorie
300 3787 393 3864 putes
415 3781 567 3845 animalia
589 3784 660 3848 sola
681 3783 783 3848 teneri

69 3883 177 3971 legibus
197 3892 268 3976 bis,
285 3893 443 3976 quaedam
468 3897 547 3962 ratic
571 3895 769 3962 disterminat
791 3895 918 3960 omnia.

28 4009 51 4057 rc
70 4017 132 4066 nam
151 4008 200 4072 vel
222 4007 270 4072 uti
290 4013 359 4073 tota
381 4015 495 4074 natura
517 4009 687 4076 dissimiles
709 4016 783 4078 sunt

71 4159 254 4181 Ἂ-

75 4263 115 4314 698
131 4269 197 4322 uun
215 4269 229 4342 ΙΙ
250 4277 299 4326 696
318 4273 458 4340 primordia
480 4289 580 4326 rerum.
601 4269 614 4342 ΙΙ
635 4276 688 4356 706ι
708 4277 794 4328 omnia
815 4277 943 4343 parentis.
964 4276 978 4346 Η
1000 4280 1048 4330 716
1067 4278 1136 4332 inre.
1157 4278 1172 4350 ΙΙ

76 4351 115 4417 ili
131 4358 224 4408 omnis.
