3052 5150
328 384 391 452 192
856 385 906 451 111
1011 345 1015 354 ’

327 554 408 622 satis
430 552 604 620 ostendunt
624 559 750 621 veteres
773 553 834 622 snb
856 574 921 620 uno
948 563 1082 622 accentu
1104 557 1275 644 protulisse
1296 558 1420 645 lobefrtc

327 671 392 723 tam
404 655 622 744 frr'prffdctum
643 655 833 742 calefactum
853 657 1059 744 perelectam.

410 757 484 824 908.
506 778 683 822 aaronem
697 778 742 820 ar
756 779 927 824 rneroer
942 779 1067 824 onurr
1079 809 1088 826 .
1102 761 1269 828 Oorreetor
1283 761 1421 846 quadrati

326 869 359 929 et
386 860 483 927 ceteri
506 881 525 924 n
548 874 675 947 pectore
688 909 696 927 .
711 879 840 926 versum
862 861 1125 948 Aristophanium
1148 864 1321 948 Varronis,
1336 883 1422 948 quem

326 965 488 1030 Mereerus
510 963 686 1029 rectissime
713 962 760 1028 ita
788 964 940 1048 scriptum
963 963 1084 1048 edidit,
1100 967 1238 1032 Dentis
1258 969 1341 1032 acris
1355 991 1422 1054 pec

326 1081 391 1132 tore
409 1091 504 1132 carue
520 1065 585 1145 (vol
597 1064 712 1148 luctus)
728 1079 823 1130 contu
837 1079 986 1153 unamque
995 1071 1106 1154 poltri,
1121 1068 1155 1134 iu
1167 1068 1266 1135 Nouii
1276 1089 1307 1154 p.
1319 1069 1394 1152 241,
1407 1071 1421 1132 l

326 1176 358 1235 et
371 1169 454 1253 261,
475 1169 533 1252 13,
549 1165 771 1232 Wakefieldus
786 1167 830 1233 ad
843 1167 1024 1236 Lucretium
1037 1191 1088 1254 111,
1102 1171 1144 1236 66
1160 1172 1311 1257 corrupit,
1327 1179 1423 1237 ettur-

325 1272 398 1356 pius
420 1269 590 1353 Olearins,
607 1267 661 1352 qni
683 1287 725 1333 ne
747 1288 876 1335 versum
898 1270 1029 1353 quidem
1052 1291 1124 1340 esse
1146 1273 1241 1356 vidit,
1263 1275 1296 1338 in
1319 1274 1425 1340 Varro

324 1374 375 1440 nis
396 1373 515 1440 saturis
537 1392 568 1457 p.
587 1371 658 1437 185.

409 1476 483 1542 910.
506 1495 553 1540 ιιι
585 1494 734 1539 sounun
765 1495 806 1538 sn
836 1495 904 1539 nes
935 1496 1070 1542 nnorr.
1097 1477 1268 1544 corrector
1300 1478 1424 1562 oblongi

324 1603 358 1646 sl
379 1603 440 1644 2¹08.

409 1681 483 1748 914.
505 1699 690 1773 rnucrus.
707 1679 780 1746 ltali
804 1685 836 1746 et
857 1679 1014 1748 Marullus
1036 1703 1225 1750 raucrns.

409 1783 482 1851 917.
507 1779 614 1860 Quon
652 1803 746 1846 srrrs
782 1803 947 1868 exnunc,
965 1805 1123 1849 unsaros
1155 1807 1283 1858 arcun
1318 1805 1423 1849 seron

322 1907 488 1954 ronnnr.
505 1887 555 1950 Ita
576 1903 649 1949 eum
671 1883 748 1950 olim
768 1885 935 1970 impressis
957 1887 1133 1971 quadratus
1155 1898 1187 1954 et
1209 1909 1232 1955 a
1254 1895 1424 1955 concurre

322 1991 494 2074 oblongus:
517 1987 570 2054 hic
592 1987 697 2072 prima
718 2006 816 2053 manu
838 2003 934 2056 wera
945 2015 957 2073 ,-
970 1998 1005 2057 ut
1027 1989 1059 2055 in
1083 1990 1262 2077 archetypo
1284 1991 1424 2059 rideatur

321 2093 421 2158 fuisse
443 2077 610 2155 ronair.
626 2089 743 2154 vellem
757 2091 840 2156 tueri
856 2105 957 2157 wrrnt
966 2141 975 2175 ‚
991 2092 1018 2157 si
1041 2099 1073 2158 et
1092 2111 1223 2179 possem
1246 2114 1351 2178 neque
1365 2099 1424 2158 tam

322 2193 462 2261 absurde
475 2193 666 2258 collocatum
688 2199 775 2257 esset
788 2192 952 2278 epitheton
968 2245 976 2262 .
992 2195 1102 2280 itaque
1117 2215 1189 2262 cum
1205 2215 1328 2262 nomen
1342 2195 1424 2262 subr-

320 2298 478 2364 tantirum
495 2293 696 2378 requiratur,
719 2292 922 2360 scribendum
938 2305 1015 2382 puto
1037 2312 1130 2385 atqm
1145 2298 1247 2364 crido
1270 2315 1422 2363 ro'errs.
1514 2347 1515 2362 ,

319 2399 352 2465 16
374 2397 568 2466 vocabulum
590 2403 640 2463 est
661 2397 694 2461 in
717 2396 876 2480 glossario
899 2395 1033 2486 (iyrilli,
1050 2394 1258 2486 ἇπόκαυμα,
1275 2401 1423 2482 mtilcceb,

319 2513 419 2566 torres
431 2549 439 2566 .
451 2499 572 2564 similla
582 2506 657 2566 suut
668 2499 753 2565 lobes
765 2499 850 2566 tobes
856 2502 958 2587 pubes
969 2515 1095 2589 torques
1102 2527 1214 2590 saepes
1225 2505 1325 2570 molen
1334 2503 1424 2568 nobes

318 2601 407 2668 sedes
434 2603 581 2688 arubapee
607 2625 772 2688 compapes
800 2615 945 2690 contcpes
970 2629 1085 2692 rupes.
1101 2612 1222 2671 uanum
1251 2613 1303 2672 ast
1324 2612 1422 2672 aulam

319 2722 383 2768 non
407 2722 479 2769 esse
500 2703 673 2786 legendum
695 2721 765 2767 cum
788 2701 920 2770 Gitanio
942 2720 1078 2772 mccc.
1093 2725 1169 2772 nam
1192 2707 1279 2774 duas
1302 2707 1423 2774 vocales

319 2805 454 2890 breves,
471 2805 587 2889 quibus
602 2824 784 2872 consonans
799 2805 929 2872 adiecta
943 2808 1004 2890 sit,
1019 2807 1053 2874 in
1066 2828 1163 2874 unam
1178 2809 1343 2894 syllabam
1359 2826 1424 2872 coa·

318 2909 440 2974 lesoere
462 2927 559 2992 posse
573 2915 702 2991 praeter
724 2925 821 2990 qnam
837 2907 869 2972 in
892 2909 1080 2994 compositis
1090 2960 1099 2993 ‚
1115 2910 1227 2994 qualia
1249 2911 1295 2976 ad
1314 2901 1422 2976 tibrim

317 3033 356 3096 11,
383 3009 461 3076 1061
480 3009 706 3092 uacuvimns,
723 3027 787 3073 non
803 3006 902 3074 didici
919 3057 927 3073 .
943 3017 1017 3076 sunt
1031 3018 1138 3077 numm
1154 3011 1251 3078 buius
1274 3012 1361 3078 modi
1376 3030 1422 3076 res

318 3111 521 3179 observando
549 3109 745 3193 discendae,
762 3131 826 3176 non
853 3130 874 3176 a
900 3115 1140 3198 grammaticis,
1158 3133 1299 3196 quorum
1317 3113 1422 3196 ‚segle

317 3215 427 3298 guntin
441 3213 476 3279 lit
489 3223 525 3280 ut
540 3216 650 3280 omnia
664 3213 755 3278 licita
770 3232 842 3278 esse
856 3213 1047 3280 rideantur.
1062 3215 1172 3298 itaque
1183 3215 1293 3282 codem
1305 3215 1422 3282 medem
1513 3217 1514 3298 g

316 3317 400 3382 binis
422 3315 559 3402 syllabis
588 3315 668 3380 dixit
691 3315 857 3382 Lucretius
870 3367 878 3400 ,
893 3315 951 3381 sed
974 3316 1104 3382 candem
1126 3315 1251 3383 tubus.
1269 3319 1303 3382 in
1319 3315 1421 3384 Ovidii
1513 3369 1514 3372 ,

317 3417 617 3504 metamorphoseon
632 3437 674 3500 vr,
689 3418 751 3482 113
766 3417 918 3483 Heinsius
940 3419 1115 3484 secundum
1130 3417 1213 3486 duos
1229 3421 1360 3487 codices
1374 3439 1421 3484 re·

316 3542 385 3588 rum
408 3540 480 3588 asse
502 3519 659 3586 iudicavit
673 3520 754 3604 hott,
771 3523 900 3586 Aurorae
921 3533 956 3585 at
970 3522 1128 3604 Donata,
1145 3522 1296 3610 Asopida
1317 3521 1421 3588 laced

314 3626 426 3711 tyrcae
437 3647 449 3705 ,-
462 3622 516 3688 nbi
532 3623 611 3688 satis
626 3621 793 3705 eleganter
808 3622 904 3688 ceteri
920 3623 1026 3709 ι’φιίε.
1042 3643 1147 3706 neque
1162 3624 1252 3709 apud
1266 3625 1419 3692 Catullum

314 3727 370 3810 64,
384 3724 445 3791 178
457 3722 554 3790 scribi
570 3721 666 3790 debet
684 3724 904 3792 Idomenenses
915 3738 1023 3812 petum
1038 3728 1152 3792 montoir
1167 3725 1260 3809 (uam
1281 3727 1315 3794 hi
1330 3745 1419 3810 geno

313 3827 373 3894 tiri
389 3851 406 3893 o
421 3825 512 3892 brevi
528 3825 702 3892 efferuntur
721 3845 742 3892 a
762 3827 867 3911 politis
883 3827 1041 3910 Latinis),
1058 3827 1117 3893 sad
1132 3827 1360 3894 Idomenenses
1380 3823 1419 3890 ad

314 3929 496 4014 exemplum
508 3929 669 3994 Homerici
686 3927 794 4011 illius,
810 3929 897 4012 quod
913 3928 1022 3994 multis
1037 3929 1188 4014 placebat
1202 3931 1235 3996 in
1252 3930 1376 3998 Iliados
1390 3953 1419 4004 r,

312 4030 386 4114 424,
406 4025 598 4114 Ἰδομενεῦς
613 4023 645 4096 d’
667 4023 707 4098 ori
724 4029 804 4118 λῆγε
822 4027 921 4113 μένος
934 4028 1021 4117 μέγα
1036 4079 1045 4096 .
1061 4031 1122 4096 boc
1144 4037 1267 4098 lautum
1291 4034 1359 4098 scio
1371 4081 1379 4115 ,
1393 4029 1417 4095 si

312 4133 440 4198 illarum
456 4135 616 4200 vocalium
631 4135 719 4218 prior
735 4137 750 4199 i
769 4134 820 4198 vel
835 4159 857 4200 e
878 4135 940 4217 sit,
957 4152 1028 4198 cam
1044 4153 1140 4218 posse
1156 4134 1335 4219 aliqnando
1350 4152 1418 4200 con·

312 4234 459 4300 sonantis
480 4243 672 4320 potestatem
695 4235 853 4321 adipisci.
869 4237 915 4302 ita
936 4237 1056 4301 accior
1075 4235 1202 4302 duabus
1222 4237 1360 4321 syllabis
1374 4234 1416 4298 di·

312 4337 360 4402 xit
381 4335 502 4402 Statius
529 4339 561 4402 in
583 4337 767 4404 Thebaidos
789 4359 832 4421 nv,
848 4339 932 4423 691,
948 4337 995 4403 ita
1016 4339 1145 4406 Persius
1160 4361 1194 4418 n,
1213 4340 1253 4404 10
1279 4337 1417 4405 meum

305 4453 461 4528 patmus,
474 4446 506 4505 ei
517 4439 696 4525 Iuvenalis,
709 4447 847 4524 utputo,
859 4443 920 4527 qai
922 4440 1140 4527 pulmentaria
1147 4439 1275 4507 condolet
1285 4461 1339 4522 vn,
1350 4435 1414 4502 185.

312 4543 435 4608 Ennius
456 4541 543 4630 apud
559 4541 745 4610 Ciceronem
768 4542 808 4608 de
831 4541 1033 4610 divinatione
1051 4565 1073 4627 r,
1092 4543 1152 4610 108
1174 4549 1207 4610 et
1228 4541 1318 4628 apud
1340 4539 1414 4606 Cha·
