3052 5144
363 473 406 537 90
905 469 950 534 Ill

362 637 447 720 quod
471 659 574 720 genus
597 661 614 705 e
636 639 736 706 thuris
760 639 885 721 glaebis
908 638 1045 705 evellere
1068 640 1199 706 odorem

363 754 448 818 haud
472 753 567 818 facile
589 761 659 832 est,
676 755 753 838 quin
774 755 911 820 intereat
933 759 1047 818 natura
1070 775 1196 837 quoque
1219 755 1306 821 nius.

363 869 409 933 sic
432 867 531 932 animi
554 875 651 950 utque
674 869 801 934 animan
824 875 968 933 naturam
992 887 1125 952 corpore
1148 877 1213 934 toto

288 1003 338 1049 sero
364 982 530 1048 extrahere
552 983 631 1047 haut
652 982 748 1048 facile
771 989 838 1066 est,
856 983 933 1066 quin
956 983 1064 1047 omnis
1086 982 1320 1049 dissoluuntur.

363 1097 500 1181 inplexis
522 1097 567 1162 ita
588 1098 753 1182 principiis
776 1099 818 1162 ab
841 1097 964 1181 origine
986 1097 1090 1180 prima

363 1211 444 1276 inter
465 1231 501 1276 se
523 1211 603 1275 fiunt
625 1215 764 1278 consorti
788 1211 935 1297 praedita
956 1211 1041 1295 vitu,

364 1346 424 1392 neo
447 1326 507 1390 sibi
532 1345 678 1407 quinoque
701 1327 770 1392 sinc
792 1326 927 1392 alterius
949 1326 981 1390 vi
1003 1345 1100 1410 posse
1121 1325 1246 1392 videtur

362 1441 504 1525 corporis
528 1447 625 1522 atque
647 1441 742 1506 animi
766 1461 910 1506 seorsum
932 1441 1050 1505 sentire
1072 1447 1238 1524 potestas,

289 1575 338 1622 son
365 1555 422 1621 sod
446 1555 665 1620 communibus
687 1557 770 1620 inter
792 1575 849 1621 eas
872 1555 1027 1619 conflatur
1049 1555 1204 1638 utrimque

363 1671 500 1736 motibus
522 1689 675 1734 accensus
698 1670 791 1734 uobis
813 1669 1016 1754 perviscera
1039 1689 1172 1735 sensus.

361 1791 527 1870 praeterea
550 1805 665 1868 corpus
686 1805 746 1868 per
768 1803 802 1850 se
825 1805 884 1851 noo
906 1785 1048 1868 gignitur
1069 1805 1220 1867 umquam

361 1921 421 1966 neo
444 1899 558 1965 crescit
580 1917 684 1980 neque
707 1905 780 1983 post
803 1905 935 1965 mortem
959 1899 1076 1966 durare
1098 1901 1243 1965 ridetur.

360 2037 424 2081 non
448 2015 530 2079 enim
545 2065 552 2092 ,
568 2020 603 2077 ut
625 2035 716 2078 umor
738 2033 842 2095 oquae
865 2015 994 2078 dimittit
1016 2035 1114 2098 saepe
1135 2035 1308 2100 vaporem,

286 2152 335 2198 nro
361 2131 416 2213 qui
437 2129 532 2194 datus
555 2137 623 2212 cst,
644 2149 749 2210 neque
772 2149 812 2194 ea
834 2149 930 2194 nausa
953 2129 1142 2194 convellitur
1163 2131 1252 2216 ipsc,

360 2245 416 2310 sod
439 2252 546 2309 manet
568 2245 757 2323 incolumis,
774 2265 858 2328 non,
875 2245 1026 2328 inquam,
1044 2244 1089 2309 sio
1112 2245 1231 2308 aninmi

358 2359 527 2424 discidium
549 2367 683 2444 possunt
705 2366 793 2424 artus
818 2359 960 2446 perferre
983 2360 1105 2436 relicti,

359 2475 417 2538 sod
444 2475 569 2557 penitus
592 2481 724 2558 percunt
746 2473 889 2540 convulsi
913 2495 1036 2556 conque
1059 2481 1262 2557 putrescunt.

359 2609 398 2652 cx
420 2590 550 2679 ineunte
574 2610 655 2654 aevo
678 2591 724 2654 sio
746 2590 888 2673 corporis
910 2597 1006 2671 atque
1028 2589 1146 2655 animai

283 2727 333 2774 345
359 2713 469 2770 mutua
491 2705 599 2770 vitalis
622 2706 748 2770 discunt
770 2705 919 2786 contagia
941 2711 1065 2782 motus,

359 2820 511 2885 maternis
534 2821 630 2884 etium
653 2821 802 2886 membris
825 2823 963 2902 alvoque
985 2825 1133 2903 reposto,

359 2935 527 3000 discidium
552 2941 585 2999 ut
607 2943 747 3018 nequent
768 2935 836 3000 fieri
860 2937 928 3001 siue
950 2943 1040 3019 peste
1063 2935 1232 3018 maloque3

358 3059 392 3115 ut
413 3049 545 3134 videno,
563 3051 713 3133 quoniam
738 3051 936 3116 coniunctast
959 3069 1057 3115 causa
1078 3051 1210 3135 salutis,

358 3167 558 3230 coniunctam
582 3186 710 3248 quoquo
733 3173 878 3231 naturum
902 3164 1075 3230 consistere
1098 3183 1228 3229 corum.

284 3301 334 3348 350
405 3281 516 3366 [Quod
539 3301 635 3365 super
657 3287 725 3365 est,
742 3281 842 3364 siquis
862 3299 978 3364 corpus
1000 3279 1119 3344 sentire
1142 3279 1277 3356 refutat,

358 3401 452 3476 atque
476 3395 616 3460 animum
640 3395 739 3461 credit
761 3395 951 3479 permixtam
975 3415 1109 3479 corpore
1131 3401 1198 3460 toto

359 3510 522 3593 suscipere
545 3511 627 3575 hunc
650 3516 769 3576 motum
792 3531 886 3592 quem
908 3529 1036 3574 sensum
1060 3510 1307 3588 nominitamus,

358 3624 408 3688 vcl
432 3624 693 3689 manifestantes
716 3633 827 3690 contro
849 3643 1009 3707 verosque
1031 3629 1209 3707 repugnat.

360 3738 437 3819 quid
460 3741 501 3804 sit
523 3740 606 3804 enim
629 3759 743 3822 corpus
766 3741 883 3804 sentire
906 3740 978 3822 quis
1000 3738 1126 3803 adferet
1146 3759 1317 3822 umquam,

283 3873 333 3919 355
359 3853 386 3916 si
409 3873 473 3917 non
496 3854 568 3937 ipso
589 3855 694 3938 palem
719 3853 805 3936 quod
828 3875 878 3919 res
902 3853 989 3920 dedit
1011 3875 1050 3920 ac
1072 3853 1179 3919 docuit
1199 3857 1286 3921 nos?

358 3973 393 4032 at
415 3967 547 4033 dimissa
569 3970 675 4034 anima
697 3989 812 4054 corpus
835 3975 923 4036 naret
944 3970 1085 4052 undique
1106 3989 1222 4036 sensu:

362 4239 413 4286 330
432 4245 475 4285 eut
494 4233 508 4304 Η
528 4239 578 4286 332
598 4239 708 4288 consorti
729 4239 791 4289 tinnt
812 4237 825 4308 lt
845 4240 927 4290 ritoc.
948 4237 961 4306 ΙΙ
983 4241 1033 4290 335
1053 4255 1096 4290 eos
1116 4237 1129 4306 ll
1150 4241 1201 4290 346
1217 4247 1334 4304 reposto.
1351 4233 1363 4304 Η
1382 4231 1421 4282 34Ῑ
1433 4235 1452 4272 ot

363 4339 485 4374 erutorum
498 4361 503 4374 .
