3052 5150
308 375 371 443 204
784 445 786 448 ,
835 372 884 438 111

307 567 426 614 novum
448 551 672 614 testamentum
688 545 851 612 Fuldense
873 565 894 610 a
914 565 966 611 me
985 543 1106 611 edibrm
1117 545 1270 630 ,digesta
1284 544 1404 611 Floren-

307 651 395 715 tina.
411 650 520 733 itaque
542 651 555 714 l
576 649 715 734 simplici
736 647 947 716 scribuntur
938 647 1105 731 inquibus
1127 648 1295 714 elitteram
1315 647 1406 730 longa

307 752 437 839 syllaba
448 751 632 836 praecedit,
645 757 680 817 ul
691 749 851 817 custodela
862 751 1007 815 clientela
1023 749 1157 816 suadela
1170 749 1303 816 candela
1313 750 1406 816 rusb

307 855 431 920 cautela
445 855 540 920 tutela
556 855 737 940 corruptela
756 851 939 918 madalela
954 851 1072 937 (Gaius
1086 871 1121 933 ιι,
1136 825 1217 934 1b4,
1230 851 1406 918 Priscianus

307 978 338 1042 p.
352 956 429 1038 622)
452 957 575 1021 matous
596 956 796 1040 (Priscianus
818 954 975 1034 ibidem)
997 955 1010 1020 l
1031 955 1212 1038 geminatur
1233 954 1288 1020 ubi
1309 954 1408 1040 prima

307 1059 415 1124 brevis
431 1065 500 1124 est:
517 1077 621 1142 eaque
635 1078 657 1124 a
672 1059 767 1125 tertia
781 1077 821 1123 ac
839 1057 979 1143 simplici
995 1057 1101 1123 forma
1116 1057 1260 1123 fecerunt
1273 1063 1407 1140 veteres,
1471 1123 1476 1134 ,

307 1167 342 1225 ut
357 1161 525 1247 loquellam
540 1161 714 1248 querellam
729 1161 923 1248 sequellam;
938 1179 1016 1244 ergo
1033 1159 1181 1241 luellam,
1196 1177 1293 1243 quem
1307 1157 1408 1224 admo

308 1262 522 1351 dumfuqella
537 1262 619 1330 bene
634 1264 786 1349 scriptum
802 1268 853 1329 est
868 1263 955 1348 apud
971 1262 1171 1328 Priscianum
1187 1282 1220 1346 p.
1232 1262 1294 1328 601
1307 1312 1316 1340 ,
1331 1261 1409 1327 male

306 1367 474 1452 coufaqela
503 1365 592 1452 apud
615 1365 750 1430 Paulum
778 1363 948 1430 diaconum
971 1387 1003 1450 p.
1014 1365 1055 1430 31
1079 1363 1293 1430 Lindemanni
1310 1414 1319 1447 ,
1339 1364 1410 1430 item

307 1455 391 1534 malc
406 1469 571 1555 obsequela
585 1488 616 1552 p.
634 1465 713 1551 114,
730 1467 907 1553 obsequella
919 1473 1004 1534 recte
1020 1468 1054 1532 in
1067 1467 1221 1533 Asinaria
1235 1466 1340 1532 Plauti
1354 1487 1374 1546 r,
1384 1467 1409 1548 1,

306 1569 369 1636 50.
386 1589 407 1635 a
427 1569 571 1636 secunda
598 1589 691 1635 nemo
714 1576 790 1635 ante
812 1568 954 1635 Gellium
979 1570 1144 1636 meddam
1173 1569 1236 1654 (sic
1259 1573 1343 1635 recte
1363 1587 1410 1634 oo

308 1671 372 1738 dex
394 1673 523 1738 Minucii
544 1672 681 1754 Felicis,
698 1679 732 1737 ιιι
753 1677 889 1738 testatur
911 1671 1150 1738 Hildebrandus
1172 1671 1216 1737 ad
1240 1671 1410 1738 arnobium

307 1775 439 1860 pesa,
459 1775 535 1840 item
564 1777 611 1840 sic
637 1774 762 1839 scholia
786 1774 964 1841 Bobicnsia
990 1774 1034 1844 ad
1062 1774 1228 1842 Ciceronis
1255 1775 1410 1841 oratones

306 1899 337 1962 p.
349 1877 455 1957 251‚8
470 1876 618 1962 Orellii),
635 1877 743 1960 itaque
756 1878 943 1962 mosellam,
958 1884 1056 1964 puto,
1072 1897 1138 1943 non
1151 1878 1308 1944 mondum
1317 1927 1327 1962 ,
1341 1879 1410 1944 Τει-

306 1979 459 2046 tullianas
472 2030 480 2065 ,
495 1981 639 2046 attollam
660 1972 861 2066 adllunpos
881 1988 967 2046 recte
989 1981 1203 2065 glossarium,
1220 1999 1307 2064 quae
1320 1979 1411 2045 ausu

306 2081 393 2167 apud
413 2083 642 2150 Terentianum
664 2083 810 2148 Maurum
825 2083 888 2149 316
911 2089 943 2148 ct
957 2081 1123 2150 Solinum.
1140 2100 1206 2148 non
1228 2083 1361 2149 veniant
1380 2082 1410 2146 in

306 2182 391 2248 hunc
414 2203 544 2250 censum
559 2186 731 2269 turbellae,
748 2184 836 2269 quod
859 2185 934 2251 mihi
950 2184 1182 2251 deminutivum
1196 2184 1346 2269 videtur,
1361 2203 1410 2250 ne

306 2305 368 2370 que
390 2285 458 2352 ulla
472 2295 640 2354 causaest
654 2307 741 2355 care
762 2288 978 2374 producatur.
997 2295 1071 2355 sunt
1084 2293 1193 2354 tamen
1215 2287 1411 2354 deminutira

305 2388 465 2472 quaedam
493 2392 598 2456 vocali
620 2390 778 2477 producta
797 2441 805 2476 ,
826 2389 884 2458 scd
912 2409 953 2456 ea
978 2397 1159 2475 contracta3
1182 2391 1297 2474 qualia
1322 2395 1408 2471 sunt,

305 2490 385 2557 eliso
401 2492 454 2558 vel
469 2517 485 2558 c
500 2494 552 2560 uel
567 2518 587 2562 a
603 2494 656 2560 vel
671 2519 689 2559 r
703 2493 794 2580 (nam
809 2519 833 2560 a
847 2493 966 2559 omisso
982 2513 1048 2558 non
1064 2492 1248 2579 duplicatur
1263 2492 1409 2580 liquida),

299 2594 455 2680 paullus,
471 2597 570 2680 oilla,
587 2597 725 2662 uercelba
738 2595 983 2682 (grammaticus
998 2593 1262 2664 vindobonensis
1276 2617 1308 2683 p.
1324 2595 1408 2679 106);

305 2697 442 2780 corolla,
463 2699 597 2784 catella,
612 2700 760 2786 pt'strr'lla
770 2750 779 2783 ,
801 2699 928 2765 catillus
939 2749 948 2782 ,
971 2700 1133 2782 sals'llum,
1155 2699 1270 2765 villum
1281 2749 1290 2783 ,
1311 2699 1408 2778 ullus,
1514 2761 1515 2764 ,

305 2799 412 2865 nullus
434 2799 492 2886 (ad
515 2821 652 2886 quornm
679 2803 861 2888 exemplum
888 2802 1067 2888 formarunt
1087 2801 1216 2884 ellam),
1240 2801 1408 2882 Messalla,
1514 2793 1515 2840 l

305 2903 500 2990 Ht'epollus5
514 2906 622 2988 stilla,
639 2905 725 2972 ralla
746 2907 873 2988 tunica,
889 2905 964 2972 item
980 2905 1074 2972 Sulla
1087 2911 1122 2970 ul
1136 2903 1333 2988 quibusdam
1347 2903 1408 2989 pla·

305 3011 374 3090 eet,
391 2999 457 3072 olla
479 3009 595 3075 rectius
618 3028 715 3092 quam
737 3009 816 3074 aula
838 3007 913 3092 (nisi
937 3007 1024 3092 quod
1047 3006 1161 3074 eodem
1184 3025 1295 3072 errore
1316 3006 1407 3088 vulgo

304 3108 455 3175 dicebant
468 3112 641 3177 blessalam
656 3119 688 3178 et
700 3109 868 3198 paulam),
884 3109 944 3176 hoc
959 3115 1008 3176 est
1021 3129 1125 3195 parra
1135 3110 1227 3174 toria
1242 3109 1315 3174 sive
1330 3110 1407 3189 onir,

304 3208 437 3300 σκάφη,
453 3213 494 3278 ab
515 3213 713 3280 hauriendo.
729 3233 770 3280 ex
793 3212 906 3279 eodem
927 3211 1195 3278 deminutivomm
1209 3229 1344 3278 numero
1364 3215 1409 3276 est

264 3351 267 3360 ·
303 3316 415 3380 uitello
438 3317 498 3399 (ita
519 3321 604 3382 recte
620 3317 654 3382 in
669 3315 817 3382 Martiale
833 3337 864 3400 v,
876 3315 916 3380 37
933 3311 1212 3395 Schneidewinns)
1236 3321 1270 3380 et
1282 3313 1406 3400 fiaello,
1513 3315 1514 3330 ¹

304 3437 367 3500 qno
383 3418 568 3484 Iuvenalem
584 3426 661 3505 puto
676 3440 770 3486 nsum
786 3437 858 3484 esse
874 3420 907 3484 in
927 3417 1028 3484 satira
1042 3437 1108 3502 ιιι,
1120 3419 1161 3483 9:
1176 3434 1253 3481 nam
1269 3417 1407 3502 Merqsre

294 3519 456 3606 ficedulas
478 3540 542 3586 non
557 3522 660 3604 potuit
675 3521 834 3588 scribere.
850 3519 1024 3588 sumatur
1046 3517 1080 3583 in
1095 3517 1248 3585 Sestiana
1262 3517 1358 3584 'Pallii
1370 3515 1407 3584 12

303 3629 484 3705 agnoscmrt
505 3643 569 3687 non
592 3623 688 3689 modo
704 3623 852 3708 codices,
872 3623 931 3690 sed
953 3619 1078 3687 scholia
1098 3619 1274 3686 Bobiensia
1295 3617 1404 3704 pecs

306 3725 398 3790 1116
421 3724 475 3792 Or.
498 3731 531 3790 ct
552 3726 737 3792 Priscianus
758 3727 882 3812 peta.
902 3725 988 3791 idem
1009 3721 1202 3790 vocabulum
1222 3719 1405 3788 Horatioia

304 3829 514 3914 epistularum
536 3849 557 3910 1,
569 3829 598 3912 l,
612 3829 653 3894 29
676 3819 857 3895 aBent'leio
880 3827 1059 3894 restitutum
1074 3824 1129 3908 qni
1152 3842 1217 3890 aon
1232 3823 1403 3910 accipiunt,

303 3931 461 3996 rationem
485 3937 517 3995 et
537 3949 660 4013 genera
681 3930 873 3997 fabellarum
895 3932 1065 4014 ignorant.
1080 3927 1184 3994 Servii
1207 3923 1404 4010 neglegentis

303 4041 371 4117 est,
387 4051 457 4098 cum
473 4031 621 4098 Ciceroni
643 4032 799 4100 adscribit
813 4033 942 4100 atulam
960 4029 1003 4096 ad
1019 4030 1194 4112 georgicon
1210 4051 1232 4114 ι,
1248 4023 1404 4111 1813Hi1·

303 4134 461 4201 debrandi
477 4136 548 4220 plus
563 4154 658 4218 quam
675 4135 903 4220 neglegentia,
920 4133 976 4219 qni
991 4131 1034 4198 ad
1050 4131 1227 4197 Arnobinm
1241 4152 1273 4216 p.
1287 4130 1345 4197 191
1359 4128 1402 4192 at

304 4237 443 4304 cedulam
458 4237 574 4304 Latine
589 4237 651 4304 dici
667 4245 785 4322 neget,
801 4257 819 4304 e
835 4237 947 4303 codice
962 4233 1097 4300 Arnobii
1112 4233 1146 4298 in
1160 4254 1185 4296 n
1200 4253 1231 4318 p.
1244 4233 1284 4300 75
1299 4230 1402 4298 arula

303 4341 368 4406 lam
390 4341 542 4426 recipiat,
559 4359 744 4425 maremque
762 4345 923 4424 agrestem
938 4339 984 4404 ita
1004 4356 1107 4404 nona
1125 4336 1242 4423 pedum
1264 4335 1335 4400 nisu
1349 4329 1402 4398 sod

303 4462 324 4508 a
345 4442 449 4508 nitore
473 4441 591 4507 dictum
607 4443 774 4526 opinetur.
790 4443 893 4528 potnit
912 4447 1019 4508 tamen
1034 4459 1107 4506 esse
1129 4438 1240 4523 aliqua
1253 4438 1320 4502 cius
1335 4453 1401 4500 con·

303 4545 468 4628 sonantis,
486 4563 569 4628 quae
592 4549 641 4610 est
662 4549 737 4610 ante
760 4543 1009 4610 deminutionem
1019 4592 1028 4626 ,
1046 4541 1262 4608 mutabilitas:
1278 4557 1351 4604 nam
1372 4535 1400 4599 in
1510 4611 1511 4648 ἢ
