3110 5146
308 343 373 411 328
849 339 878 406 V

310 515 428 582 Latina
449 513 483 580 in
499 512 633 580 Graeois
648 509 804 578 abstinuit
819 561 827 596 ‚
851 512 947 580 eredo
962 511 1049 596 quod
1072 511 1111 578 iis
1125 511 1205 578 illud
1220 515 1255 596 i,
1269 511 1355 597 quod
1370 518 1417 579 est

310 623 387 684 ante
419 621 529 682 uotam
562 633 682 698 casus,
706 613 866 680 Graecum
900 614 1093 696 videbatur,
1116 619 1152 680 ut
1183 633 1274 681 more
1304 615 1417 682 Labno

310 719 482 806 praeteriri
510 737 575 784 nou
603 722 733 803 posset.
754 735 855 799 quare
882 715 980 782 sarilo
1007 715 1105 783 eredo
1132 716 1273 783 Ennium
1299 718 1419 784 dixisse

311 821 489 888 Brundusii
494 822 565 888 sive
572 819 858 906 Brentesis'sorpas
868 817 956 904 apud
964 818 1136 905 Apuleium
1147 819 1189 886 de
1199 821 1311 906 magia
1321 821 1417 908 p.48l

312 923 416 1007 Oud.‚
434 929 466 989 et
487 921 655 988 Manilium
677 921 710 986 in
731 941 766 1006 11,
779 920 843 988 740
861 921 1133 1007 nodamumms,
1148 941 1254 1007 noque
1276 923 1420 990 551251·-

312 1026 393 1111 gilio
409 1023 609 1110 eripiendum
625 1041 698 1090 esse
712 1022 880 1106 Palladii,
896 1022 984 1108 quod
1006 1029 1055 1090 est
1070 1023 1103 1090 in
1124 1043 1160 1089 rx
1174 1025 1256 1093 Aen.
1271 1026 1354 1112 151,
1369 1033 1422 1092 ant

312 1124 1160 1213 TerentioRusoniieoqoodlabeamttun.m,3,13.
1172 1134 1315 1196 ueterum
1326 1129 1420 1215 paulo

313 1229 470 1298 curiosius
500 1247 596 1314 quam
619 1227 834 1296 Sverdsidvus
863 1228 938 1296 lesit
958 1229 1045 1314 pdb
1072 1229 1256 1297 doeendum
1278 1238 1351 1298 erat
1369 1231 1422 1297 ob

313 1332 528 1402 servationem
549 1329 688 1398 Bentleii
713 1331 873 1416 seriptura
900 1331 1008 1414 legum
1030 1332 1235 1418 antiquarum
1259 1332 1422 1419 usquead

313 1434 454 1520 Augusti
475 1432 675 1519 principatus
697 1431 793 1500 tinem
808 1440 992 1502 eonstanter
1014 1443 1047 1502 et
1060 1435 1130 1502 sine
1151 1435 1221 1502 ulla
1235 1437 1423 1522 exeeptione

314 1537 519 1607 oondrmari.
535 1535 568 1600 in
589 1533 712 1601 Thoria
733 1535 852 1619 legitur
872 1536 979 1604 iudom·
988 1537 1051 1620 35,
1071 1537 1203 1626 aeditui
1212 1539 1278 1618 99,
1298 1540 1334 1604 iu
1356 1537 1422 1606 Ser·
1527 1545 1528 1564 ¹

313 1641 394 1708 vilia
404 1637 607 1724 5555111568
619 1687 628 1722 ,
643 1637 677 1703 in
689 1637 763 1722 lege
777 1638 855 1724 pagi
867 1637 1059 1707 Heroulanei
1071 1639 1128 1707 Oa
1138 1641 1276 1708 5555555·
1282 1691 1293 1727 ,
1303 1621 1344 1708 'in
1354 1643 1424 1726 lege

313 1744 355 1812 de
367 1741 575 1812 Termasibus
590 1739 767 1807 maioribus
779 1739 906 1808 Pisidas
914 1745 1046 1830 portori
1054 1741 1158 1828 n,34‚
1174 1743 1209 1809 in
1220 1744 1348 1812 Rubria
1360 1769 1422 1813 mo
1527 1751 1528 1760 ’

313 1848 434 1934 „espa
446 1866 467 1927 ι,
480 1845 521 1928 5,
538 1842 570 1908 in
586 1842 670 1910 runa
688 1842 874 1929 municipali
894 1845 1128 1932 1151555145
1143 1844 1423 1932 1521541555
1527 1831 1528 1902 ἕ

314 1951 389 2034 lege
410 1948 615 2014 fontanorum
636 1944 725 2031 apud
747 1946 907 2013 Marinum
936 1947 971 2013 in
993 1946 1168 2014 Arvalibns
1188 1968 1222 2034 p.
1237 1949 1282 2016 ‘10
1303 1950 1424 2017 omma

315 2051 455 2138 coslspi,
470 2049 503 2115 in
519 2047 648 2116 deereto
663 2048 782 2116 Pisano
804 2049 923 2136 strepere·
937 2069 959 2132 ι,
971 2051 1012 2134 9,
1029 2049 1098 2116 (iot
1110 2063 1140 2116 st
1152 2051 1241 2117 Luci
1251 2072 1275 2136 1,
1288 2052 1332 2119 38
1342 2051 1426 2140 ,siti

314 2175 348 2239 11,
361 2155 379 2220 1
393 2201 402 2220 .
418 2159 452 2219 at
462 2151 594 2236 Verrius
605 2151 741 2220 Flaoous
756 2151 789 2218 iu
804 2150 898 2218 fastis
909 2149 1201 2219 Praenestinisvm
1215 2153 1250 2220 ln
1262 2155 1334 2222 Ian.
1348 2155 1422 2220 Tar·

313 2255 389 2322 veiis·
396 2279 406 2320 :
421 2255 455 2320 iu
472 2253 612 2339 Augusti
626 2275 732 2322 rerum
746 2253 854 2322 indies
866 2253 967 2322 semol
981 2257 1130 2343 conprbn'
1140 2277 1187 2340 51,
1201 2257 1264 2342 10,
1282 2255 1343 2324 sod
1356 2275 1421 2323 sae

313 2357 388 2444 plus
399 2355 465 2424 alio
476 2355 594 2442 modo,
610 2354 817 2438 ἁίυἰΙυὶΙιν,
831 2355 907 2423 224
920 2377 963 2441 vr,
975 2357 1035 2442 32,
1051 2358 1224 2446 55115915,
1237 2359 1281 2426 et
1294 2410 1303 2446 ,
1315 2360 1426 2448 proeli

314 2481 357 2545 ιν,
369 2459 412 2526 43
425 2509 434 2545 ,
449 2458 566 2544 quibus
587 2457 709 2526 ibinus
731 2457 906 2543 signifioari
928 2459 1009 2526 baso
1023 2459 1158 2545 (155551,
1174 2465 1255 2529 ouri
1272 2463 1425 2530 eorem

314 2585 357 2647 nv,
369 2563 431 2648 26,
448 2562 534 2630 Iouis
545 2561 681 2628 FeretrI
689 2560 766 2646 rab
781 2581 824 2647 vr,
835 2563 876 2628 31
890 2609 898 2626 .
914 2563 1029 2648 nequis
1044 2567 1151 2630 sutem
1166 2565 1343 2651 pinguiore
1353 2565 1422 2632 itit

315 2673 404 2734 torae
414 2683 495 2732 sono
506 2663 735 2753 rolbpjproeb‘
745 2665 860 2753 5555Ιῇ
866 2663 1039 2749 trisyllaba
1053 2663 1194 2734 dioenda
1203 2674 1317 2754 putet,
1331 2686 1422 2754 quem

314 2767 488 2836 admodum
499 2785 580 2834 sane
590 2767 721 2834 5555515
735 2768 901 2834 conubium
914 2765 1048 2834 5555515
1062 2766 1212 2836 dixerunt
1225 2777 1355 2838 veteres
1368 2789 1423 2856 per

314 2873 332 2938 ι’
350 2875 602 2956 eousonautem,
618 2869 662 2936 ad
685 2889 757 2936 eam
778 2869 936 2936 rationem
951 2871 1067 2959 55555·
1077 2870 1186 2938 media
1205 2872 1309 2956 longa
1322 2873 1420 2939 soret:

314 2993 356 3042 ea
379 2993 457 3041 vero
473 2991 600 3058 semper
619 2971 807 3058 oorripitur‚
823 2977 855 3038 et
875 2978 1010 3040 aoeentu
1024 2974 1095 3040 solo
1117 2974 1229 3042 Valeri
1239 2973 1422 3042 rooandiet

314 3074 470 3162 gignendi
499 3093 595 3142 ossus
625 3073 789 3142 distabant
814 3074 947 3160 Nigidio
974 3075 1047 3162 (sed
1075 3075 1201 3144 Gellius
1227 3077 1262 3144 in
1289 3083 1421 3162 nunqua

314 3179 456 3247 mediam
467 3177 628 3265 syllabam
643 3177 778 3245 uouebat
792 3227 801 3263 ,
816 3197 884 3262 aur,
896 3176 953 3264 25)
965 3227 973 3261 ,
991 3178 1067 3244 itenr
1077 3177 1241 3263 Vergilius
1252 3180 1347 3248 Oasli
1352 3203 1420 3266 epo

315 3284 393 3350 tiam
408 3282 443 3348 in
457 3279 516 3348 eol.
529 3301 578 3366 111,
592 3280 653 3348 105
668 3299 734 3346 555
756 3280 822 3348 alio
837 3298 917 3348 sono
932 3279 1065 3366 protulit
1085 3299 1183 3366 quam
1198 3283 1228 3348 si
1242 3278 1421 3350 5551551ᾱί·

315 3403 388 3452 oore
403 3383 578 3466 voluisset,
595 3382 698 3450 Varro
712 3383 841 3450 Plautii
852 3402 968 3450 nomen
987 3402 1053 3449 uou
1075 3385 1170 3450 aliter
1184 3382 1315 3451 dioebat
1329 3401 1420 3470 quam

315 3487 445 3552 Plauti.
463 3485 547 3552 buno
562 3485 648 3552 enim
663 3485 703 3552 de
722 3485 835 3570 lingna
848 3485 968 3552 Latina
988 3505 1048 3550 vm
1068 3506 1099 3572 p.
1111 3485 1175 3552 419
1196 3485 1243 3552 ita
1256 3485 1420 3574 scripsisse

315 3594 393 3674 puto
417 3587 507 3674 (uam
522 3587 688 3656 Ritsobolii
710 3595 742 3654 et
756 3587 923 3674 Spengelii
944 3587 1143 3670 sententiae,
1159 3607 1244 3673 quae
1259 3587 1420 3674 expositae

315 3695 390 3756 sunt
404 3689 438 3756 in
449 3690 602 3774 Parergis
614 3689 772 3757 Plautinis
787 3710 819 3776 p.
830 3689 893 3773 25,
908 3689 987 3755 mibi
1002 3708 1067 3756 non
1082 3690 1162 3756 satis
1177 3688 1335 3777 laniunt),
1349 3689 1419 3756 Du

315 3793 439 3860 similae
449 3791 668 3876 (Florentium
680 3791 848 3876 deturbato)
860 3793 997 3858 Plautus
1008 3803 1037 3858 et
1047 3789 1197 3859 Plautius
1205 3841 1214 3876 ‚
1227 3805 1257 3859 rt
1266 3813 1420 3860 5515555

316 3895 363 3960 Μ.
381 3894 480 3979 (Flos.
504 3894 552 3979 ut)
575 3895 669 3961 burae
683 3893 800 3962 Plauti
818 3907 847 3962 et
860 3896 970 3962 Mosei
979 3894 1080 3980 (utor.
1102 3894 1239 3980 Μωσῆς
1254 3895 1318 3962 nisi
1339 3889 1418 3978 quod

317 3997 398 4062 buno
412 3995 579 4063 Plautiam
599 3997 661 4080 (sio
682 3995 766 4063 enim
781 3996 896 4064 iterum
918 3997 1034 4064 dieitur
1055 4013 1163 4062 rerum
1184 3995 1374 4064 rustioarum
1387 4013 1418 4076 11,

315 4099 347 4182 5,
358 4096 396 4181 5)
417 4099 555 4184 exempli
570 4117 670 4166 eausa
683 4101 730 4165 Μ.
747 4096 829 4184 faoi,
845 4099 936 4167 ouius
950 4117 1061 4167 verum
1076 4116 1272 4184 praenomen
1286 4100 1417 4184 ignoro:

244 4207 254 4224 '
316 4197 375 4267 sod
390 4198 488 4284 paulo
509 4205 603 4286 post,
619 4221 652 4286 p.
664 4200 750 4286 424,
765 4201 818 4267 ubi
841 4201 1046 4288 perspiouum
1060 4206 1110 4267 est
1132 4200 1337 4307 seribendum
1350 4215 1417 4266 esse

316 4325 525 4390 nauepouom
534 4304 731 4389 pote'seimam
740 4327 809 4370 eom
821 4303 920 4386 (Flos.
932 4306 1009 4386 1551)
1022 4327 1088 4392 qua
1098 4301 1254 4370 dividuos
1264 4303 1365 4370 oratio
1374 4323 1415 4367 se

317 4405 454 4472 eundum
467 4415 616 4471 abiaram
635 4405 671 4470 s'a
685 4418 833 4492 quattuor
850 4409 977 4494 postris,
992 4405 1037 4473 ibi
1059 4405 1092 4471 in
1106 4403 1290 4473 Florentino
1306 4409 1355 4472 est
1374 4425 1415 4468 se·

317 4505 423 4574 eundo
433 4520 468 4574 ut
479 4519 627 4573 naturam
636 4555 646 4592 ,
661 4519 696 4573 ut
705 4527 766 4592 pro
777 4531 808 4574 m
820 4556 828 4572 .
846 4529 910 4576 nou
923 4507 1018 4577 aliter
1033 4513 1139 4576 autem
1153 4525 1251 4592 quam
1261 4505 1414 4592 vergilius
