3020 5146
349 453 409 516 178
897 449 923 512 V

345 627 377 684 et
399 619 451 701 661
475 618 586 683 6616161
609 617 725 699 gelidis
749 638 770 683 6
791 617 920 702 frigoris
943 619 1062 684 umbris

346 735 512 800 aestiferas
534 753 635 816 66666
658 735 691 798 16
713 735 812 818 partis
836 739 867 798 et
889 733 1013 798 fervida
1036 735 1149 816 signa.

347 855 378 914 61
399 850 521 914 ratione
551 849 622 934 pari
652 850 757 914 innam
786 849 962 931 stellasque
991 848 1214 934 putandumst,

346 983 428 1044 6666
449 965 581 1028 6616661
603 983 738 1047 magnos
760 964 793 1028 in
815 966 942 1049 magnis
966 965 1096 1030 orbibus
1118 985 1243 1040 annos,

272 1099 321 1146 mn
346 1078 472 1143 aeribus
495 1097 590 1162 posse
613 1078 744 1144 alternis
767 1099 786 1143 6
809 1079 955 1164 partibus
978 1080 1046 1144 ire.

346 1214 453 1260 66666
477 1194 567 1258 vides
589 1193 685 1258 stiam
708 1193 842 1258 diversis
863 1193 975 1258 nubila
998 1195 1100 1258 ventis

347 1308 492 1374 diversas
514 1309 560 1373 ire
583 1307 617 1372 in
639 1309 739 1391 partis
761 1307 888 1373 inferna
910 1307 1086 1392 supernis?

349 1424 403 1505 qui
426 1424 530 1488 minus
552 1423 609 1488 1116
632 1428 750 1505 queant
771 1441 829 1506 per
851 1443 984 1505 magnos
1007 1422 1145 1488 aetheris
1168 1421 1259 1488 orbis

346 1539 489 1604 aestibus
512 1539 651 1604 1616666
674 1537 808 1602 diversis
830 1536 940 1602 sidera
963 1537 1067 1602 serni?

272 1676 322 1722 656
389 1656 431 1719 At
452 1675 516 1720 nox
540 1653 643 1716 obruit
665 1652 788 1734 ingenti
810 1653 947 1738 ealigine
970 1659 1091 1736 terres,

347 1775 402 1834 aut
424 1770 479 1834 ubi
502 1767 542 1832 de
565 1769 663 1848 longo
687 1789 781 1832 66666
803 1769 852 1834 661
875 1762 986 1832 intima
1009 1767 1091 1832 66611

346 1883 471 1968 impulit
493 1889 590 1964 61666
613 1903 689 1948 6666
712 1881 833 1948 efflavit
856 1881 1030 1966 languidus
1052 1881 1136 1963 ignis
1165 1963 1170 1976 Ι

345 2018 520 2064 666666666
542 1999 620 2064 11666
644 2003 676 2062 61
698 1997 877 2062 labefactos
900 2005 973 2062 ae're
996 1997 1115 2080 multo,

347 2119 402 2178 aut
425 2115 501 2194 quia
524 2114 582 2178 sub
606 2119 707 2177 terras
731 2132 857 2178 oursum
881 2117 1067 2176 convortere
1089 2111 1176 2190 cogit

273 2249 323 2294 655
347 2227 396 2292 616
419 2227 554 2303 eadem,
572 2247 668 2311 supra
692 2246 776 2308 6666
799 2235 902 2292 166666
924 2226 1052 2310 pertulit
1074 2227 1207 2292 orbem.

385 2345 545 2426 Tempore
568 2343 642 2406 item
666 2350 752 2406 66616
776 2361 903 2406 roseam
927 2341 1049 2406 Matuta
1071 2361 1129 2426 per
1151 2361 1228 2406 6666

348 2457 489 2522 aetheris
512 2476 660 2522 auroram
684 2455 789 2522 differt
812 2463 843 2522 61
865 2456 987 2522 lumina
1009 2454 1144 2540 pandit,

348 2577 402 2636 aut
426 2571 500 2652 6616
523 2571 571 2634 661
595 2571 699 2656 idem,
717 2573 775 2636 sub
798 2571 974 2636 terrasilis
997 2575 1184 2650 revertens,

347 2684 498 2766 anticipat
522 2686 644 2750 eaelum
668 2685 767 2750 radiis
790 2683 967 2750 noeendere
989 2690 1173 2768 temptans,

272 2821 323 2866 ooo
349 2805 404 2864 aut
428 2800 503 2880 qnia
525 2800 719 2865 6666661661
740 2801 832 2884 ignes
855 2806 887 2864 61
909 2799 1034 2864 semina
1056 2797 1155 2862 muita

347 2913 506 2978 66616666
529 2913 654 2980 ardoris
677 2921 870 2980 6666666661
893 2922 1035 2998 tempore
1058 2919 1165 2986 66616,

346 3049 429 3110 6666
451 3026 571 3094 1661661
593 3029 672 3094 solis
695 3049 780 3094 6666
803 3046 929 3112 semper
951 3027 1073 3092 lomina
1095 3025 1206 3108 gigni3

350 3142 435 3223 quod
458 3164 560 3225 genos
584 3143 691 3208 Idaeis
715 3142 802 3206 fama
826 3149 914 3208 6616
937 3141 1097 3206 montibus
1121 3141 1195 3206 61116

346 3254 510 3339 dispersos
533 3259 616 3342 ignis
639 3257 752 3322 orienti
776 3257 896 3322 iumine
920 3257 1026 3340 66661,

273 3387 323 3433 666
349 3368 423 3433 inde
447 3373 532 3436 noire
554 3373 683 3454 globum
708 3373 798 3453 quasi
822 3373 855 3436 in
878 3393 974 3436 unum
997 3368 1207 3435 6166616666
1232 3371 1380 3436 orbem.

348 3501 408 3548 666
430 3491 537 3550 tamen
560 3485 638 3550 iliud
663 3487 694 3550 in
719 3485 768 3550 his
792 3486 887 3552 rebus
909 3485 1056 3550 mirabile
1080 3484 1176 3550 debet

347 3617 421 3664 6666
436 3648 444 3683 ,
461 3601 546 3681 quod
571 3599 650 3666 irase
672 3600 757 3682 ignis
780 3608 843 3666 tam
867 3607 954 3666 66616
977 3606 1121 3682 tempore
1144 3609 1287 3682 possunt

348 3713 473 3778 semina
496 3713 655 3798 666116666
679 3721 710 3780 61
733 3715 811 3780 66116
834 3733 985 3796 reparare
1008 3712 1163 3778 nitorem.

347 3827 445 3892 multa
467 3827 611 3893 videmus
634 3830 738 3902 66166,
757 3833 842 3892 66616
867 3845 950 3908 6666
973 3833 1116 3910 tempore
1139 3826 1218 3890 fiunt

271 3960 322 4006 666
349 3941 497 4006 omnibus
519 3942 550 4006 16
573 3943 667 4008 rebus
681 3991 688 4006 .
704 3942 876 4008 1166666661
899 3949 1041 4026 tempore
1065 3947 1149 4006 66616

347 4055 481 4120 arbusta
503 4061 535 4120 st
557 4063 641 4122 certo
665 4056 825 4122 dimittunt
848 4063 990 4140 tempore
1013 4055 1144 4120 florem:

349 4227 546 4234 —-—-.-

348 4331 399 4378 648
418 4329 461 4378 iiie
486 4327 499 4396 Η
526 4331 574 4378 sot
596 4329 688 4378 vetime
714 4325 729 4395 11
756 4331 806 4377 ott
826 4335 978 4378 convortere
999 4327 1012 4394 ΙΙ
1038 4329 1179 4376 61666666
1199 4337 1308 4376 6666666
1330 4333 1345 4396 1Ι
1375 4336 1453 4384 titio
1492 4379 1493 4388 ,

350 4418 399 4464 stt
421 4417 516 4480 possit.
