2996 5148
530 489 572 554 VI

32 662 249 744 {nandoquidem
272 663 368 728 semet
392 661 512 728 institui
536 661 755 727 conscendere
778 681 904 726 currum

32 785 157 842 tentosum
180 786 209 843 et
230 783 350 844 certant
372 777 559 862 plangentia
581 775 713 841 flamina
733 797 879 854 rursum3

32 911 87 972 proc
107 891 232 974 suerint,
249 893 337 976 sine,
355 895 481 976 piscato
505 913 659 958 conversa
679 893 806 957 furore.

56 1006 151 1072 Cetera
173 1027 251 1089 qnae
274 1008 341 1072 fieri
365 1009 397 1071 in
421 1009 514 1073 terris
538 1007 693 1088 caeloque
715 1011 844 1070 tuentur

32 1123 161 1205 nortales,
177 1123 301 1207 pavidis
325 1143 395 1188 cnm
418 1123 559 1207 pendent
581 1121 730 1188 mentibu'
752 1141 871 1205 saepe,

31 1255 82 1300 naec
100 1236 209 1300 iaciunt
231 1239 358 1303 animos
380 1237 509 1303 humitis
532 1237 700 1302 sornridine
723 1237 829 1300 divom

31 1349 220 1434 leprcssosqne
244 1359 393 1436 premunt
414 1353 455 1417 ad
480 1360 596 1417 terram
621 1359 793 1436 propterea
815 1351 901 1434 qnod

31 1469 168 1546 gnorentio
190 1487 358 1534 causarum
384 1466 530 1534 conferre
553 1468 685 1533 deornm

31 1581 85 1662 ogit
103 1582 139 1646 ad
161 1583 326 1668 imperium
349 1601 400 1648 res
423 1590 455 1648 et
477 1583 651 1648 concedere
674 1603 827 1666 regnum.

31 1715 75 1758 ran
96 1698 165 1763 bene
186 1699 241 1781 qui
265 1698 406 1764 didicere
429 1700 508 1763 deos
530 1717 673 1762 seenrunr
698 1716 795 1780 agere
817 1717 952 1775 aevom,

31 1811 144 1876 ttamen
166 1813 288 1878 interea
310 1815 465 1878 mirantur
488 1834 553 1896 qua
578 1813 702 1878 ratione

31 1945 136 2009 praeque
156 1929 222 2013 geri
246 1928 392 2014 possint,
408 1929 593 2012 praesertim
618 1928 712 1992 rebus
736 1929 767 1992 in
789 1929 853 1992 itiis

31 2059 81 2120 tuae
99 2063 202 2128 supera
225 2051 324 2128 caput
345 2043 496 2108 aetheriis
519 2049 690 2108 cernuntur
711 2043 743 2107 in
769 2043 855 2126 oris,

31 2171 101 2222 onus
119 2161 148 2224 in
170 2161 322 2242 antiquas
345 2157 524 2224 referuntur
545 2157 728 2242 religionis,

33 2278 51 2328 tt
64 2273 182 2340 dominos
204 2276 292 2340 acris
315 2272 518 2349 adsciscunt,
535 2273 641 2338 omnia
664 2293 760 2358 posse

33 2403 82 2462 ticos
96 2390 189 2455 miseri
212 2388 371 2462 credunt,
387 2387 492 2471 ignari
515 2387 590 2470 quid
614 2397 710 2470 queat
733 2409 825 2470 esse,

31 2501 77 2578 quid
95 2513 244 2587 nequeat,
260 2504 352 2570 finita
374 2509 518 2588 potestas
541 2503 679 2586 denique
703 2505 817 2586 cuique

30 2631 66 2692 que
82 2638 144 2683 nenr
166 2621 206 2686 sit
230 2619 348 2686 rationi
372 2625 468 2700 atque
491 2617 554 2682 cite
578 2619 733 2684 temrinue
755 2619 913 2702 haerens;

30 2745 66 2806 tto
84 2735 173 2818 magis
194 2741 340 2800 errantes
363 2753 460 2799 caeca
483 2733 608 2799 ratione
630 2733 794 2798 feruntur.

30 2861 82 2922 luae
100 2849 153 2916 nisi
175 2849 303 2936 respuis
326 2869 365 2914 ex
389 2849 494 2913 animo
517 2849 677 2930 longeque
701 2849 834 2913 remittis

30 2953 55 3020 lis
71 2961 188 3045 indigna
210 2972 326 3049 putare
348 2963 518 3046 alienaque
541 2964 629 3046 pacis
652 2983 781 3044 sorum,

30 3069 128 3142 iclibata
148 3080 239 3145 deurn
263 3085 377 3164 perte
400 3077 456 3144 tibi
480 3078 611 3142 numina
634 3083 746 3142 sancta

30 3203 90 3272 cepe
110 3195 259 3278 oberunt;
278 3213 343 3260 non
367 3213 430 3275 quc
452 3193 566 3259 violari
590 3211 715 3256 summa
738 3192 831 3256 deum
854 3192 903 3256 vis

30 3307 110 3382 obsit,
124 3319 153 3372 nt
175 3329 215 3376 ex
238 3311 290 3374 ira
312 3327 436 3393 poenas
458 3315 568 3393 petere
591 3307 716 3374 inbibat
738 3307 840 3377 acris.

30 3417 226 3504 inquietate
250 3426 308 3490 tibi
331 3423 459 3508 placida
482 3444 551 3490 cunr
575 3442 656 3508 pace
680 3422 805 3504 quietos

31 3537 155 3606 costitues
176 3559 314 3624 magnos
337 3540 452 3604 irarum
477 3539 605 3604 volvere
627 3537 762 3620 fluctus,

30 3663 60 3710 cr
79 3654 200 3722 delubra
224 3657 319 3722 deum
343 3655 472 3740 placido
496 3675 565 3718 cunr
590 3661 719 3739 pectore
743 3653 868 3734 adibis,

30 3777 60 3824 tec
78 3766 110 3832 de
130 3790 262 3857 corpore
286 3789 369 3853 quae
392 3777 504 3836 sancto
527 3770 699 3834 simulacra
722 3767 880 3864 feruntur!

30 3891 160 3950 tnenbs
182 3887 345 3952 bominum
368 3885 496 3952 divinae
518 3885 628 3948 nuntia
651 3884 793 3966 formae,

30 4203 157 4274 dissignem
177 4211 191 4284 Η
210 4219 244 4266 tc
258 4215 399 4264 Ventorum
412 4215 523 4264 exirtant
535 4213 666 4278 placentur
679 4211 766 4261 omnia
786 4213 799 4276 Η
820 4213 853 4260 49
866 4211 916 4260 sint
937 4213 949 4277 Η
970 4211 1073 4262 favore.
1094 4211 1106 4278 Η

30 4293 41 4334 ¹¹
52 4299 161 4350 monibus
179 4299 193 4370 Η
213 4307 247 4353 52
261 4303 293 4352 Et
307 4303 320 4368 Η
341 4305 373 4352 bb
388 4305 500 4352 57:90
513 4305 542 4352 91
567 4303 579 4367 Η
600 4305 633 4351 oe
646 4301 778 4349 atleiseunt
792 4295 805 4365 Η
820 4303 853 4348 64
866 4299 964 4348 miseris
978 4297 992 4366 Η
1006 4304 1040 4350 os
1053 4301 1107 4348 lon·

30 4376 75 4438 ipre
85 4389 185 4440 remitti.
206 4392 219 4458 Η
241 4395 270 4440 tl
287 4387 421 4460 edernntu
438 4391 541 4442 violeris
561 4391 574 4458 Η
596 4393 628 4438 7⁶2
642 4389 678 4436 ire
698 4387 710 4452 Η
733 4389 764 4436 73
778 4387 893 4450 qrrietus.
908 4385 921 4454 Η
943 4391 975 4436 74
989 4387 1077 4436 dctus.
1091 4383 1106 4456 Η

32 4469 43 4512 b'
59 4469 159 4525 tuerent.
