3110 5146
333 359 398 426 400
869 357 913 422 VI

334 551 427 603 Qus.
451 526 627 594 Lambinus
650 527 840 592 Rsnsscrr
863 525 1001 611 optimc.
1027 546 1164 590 saurus
1187 525 1432 612 itali.superest

334 639 369 699 ut
390 631 548 698 scribatur
570 631 603 695 si
621 649 739 700 coss:
767 629 815 693 ita
836 627 919 694 enim
946 647 1074 714 semper
1097 630 1283 714 Lucretius,
1310 631 1342 694 si
1358 652 1432 716 pace

334 753 455 819 genere
481 737 594 800 neutro
617 732 651 797 iu
672 752 715 815 rr,
735 731 796 798 199
813 730 896 813 804,
928 729 1081 798 feminino
1104 733 1252 818 aliquae,
1281 757 1318 798 nr
1339 755 1432 818 quae,

334 862 449 924 ecquae
460 887 469 920 ‚
492 859 607 922 ecquae
628 857 724 900 nom.

419 939 492 1004 842.
512 957 693 1004 rsornre.
711 934 879 1018 Oblougns
891 938 1066 1023 propriae.
1081 957 1252 1002 rnorunrr
1267 935 1433 1018 Marullus,

334 1043 408 1108 item
432 1040 579 1127 impressi
602 1058 733 1106 omncs.

420 1144 493 1210 843.
516 1163 677 1206 uorsus.
701 1141 755 1207 Sic
777 1141 958 1224 oblongus:
981 1142 1159 1227 quadratus
1181 1145 1310 1230 pisctu.

420 1245 492 1311 846.
526 1265 584 1308 rrr
618 1265 785 1328 sornrcsr
813 1265 849 1308 rrr
875 1263 1073 1309 corusco.
1107 1245 1254 1330 Primus,
1291 1249 1435 1329 quantum

333 1349 420 1435 scio,
444 1347 621 1415 Lambinus
635 1345 853 1414 urcceuado.
876 1345 951 1412 licet
965 1345 1187 1414 Wakefieldns
1202 1367 1274 1414 cum
1289 1347 1357 1414 suis
1370 1365 1435 1412 snm

333 1453 513 1538 vituperet.

419 1554 492 1620 848.
526 1553 620 1617 Essa
650 1571 749 1617 aruo
782 1571 1001 1617 usuuorsrs.
1036 1550 1206 1636 Oblongus
1241 1559 1274 1619 ct
1307 1551 1436 1618 schedae

332 1656 505 1743 Europaei.
529 1655 588 1720 Est
609 1652 671 1738 (sic
693 1654 764 1720 Itali
786 1661 818 1721 et
840 1654 1026 1740 impressi),
1050 1655 1128 1739 quia
1149 1673 1258 1740 neque
1281 1659 1436 1720 auctorem

332 1759 553 1841 habeturque
575 1775 724 1842 sensum,
750 1757 954 1824 Eichstadius
977 1762 1009 1823 et
1031 1756 1189 1840 uoroigsr
1209 1757 1369 1841 probant.

313 1845 322 1864 ⁸
419 1861 492 1928 849.
537 1859 720 1926 Farornss
761 1881 823 1925 nr.
849 1859 1072 1940 ‚Oorrectores
1109 1859 1328 1943 antiquissimi
1359 1857 1436 1924 Fur·

335 1985 466 2029 ornus.

420 2065 492 2134 851.
542 2083 780 2130 recrescens
823 2085 988 2130 rsarru.
1042 2063 1218 2132 Lambinus
1268 2063 1538 2227 rectissimosw

333 2190 493 2234 nsrrrrr.
1437 2193 1442 2202 ·

420 2272 494 2338 857.
518 2291 655 2336 suren.
679 2269 833 2335 Marullus
856 2291 1017 2336 suarna.

420 2375 492 2442 858.
516 2373 774 2444 Psuouocass
796 2393 951 2438 uuossrr
973 2393 1017 2436 nr
1039 2393 1175 2438 osurno
1197 2370 1463 2442 suessanus-l,
1537 2357 1538 2448 J

335 2498 452 2542 rose.
476 2475 629 2562 Impressi
651 2479 778 2541 neuras
800 2476 850 2541 sol
870 2475 968 2544 darc.
992 2477 1113 2543 sacrare
1135 2477 1299 2544 Antonius
1326 2484 1358 2543 et
1379 2477 1438 2541 lla·

335 2581 436 2646 rullus
458 2580 529 2648 siue
551 2597 670 2646 sensu.
697 2584 783 2644 recte
806 2577 882 2646 Plus
905 2577 997 2663 ‘lego’
1021 2578 1126 2664 iuquit
1146 2577 1263 2646 ‘calido
1287 2597 1437 2645 surmus

337 2685 470 2770 ocpcre'.

421 2785 494 2852 860.
517 2804 587 2848 surr
609 2804 759 2851 sunus.
782 2783 916 2867 Antiqui
939 2787 1136 2851 correctores
1158 2803 1279 2850 soors.

420 2888 494 2954 861.
517 2907 637 2950 nunus
659 2907 773 2950 usors
796 2907 896 2958 ouon
925 2888 1026 2953 Pasa
1052 2906 1170 2951 resur
1196 2907 1339 2954 ornonrs
1359 2905 1438 2950 ros·

335 3012 405 3056 reu
434 3010 536 3062 cusu
562 3009 707 3054 oureus
734 3009 895 3054 rannus.
929 2987 1114 3069 Quadratus
1144 2989 1285 3057 Portare
1306 2991 1438 3056 circam·

334 3095 466 3178 egregie
478 3093 653 3159 Lambinus
668 3097 701 3158 et
711 3091 879 3157 Turnebus
891 3091 1151 3160 adversariorum
1167 3111 1255 3176 mr,
1270 3093 1311 3159 13
1326 3093 1438 3171 Burs,

334 3195 393 3264 sed
415 3195 496 3262 mire
517 3193 614 3260 iidem
637 3213 703 3259 non
717 3191 867 3260 fiderunt
888 3194 1093 3262 scribendum
1115 3213 1189 3262 csse
1210 3213 1351 3260 resur.
1368 3212 1438 3260 nan

334 3298 405 3364 siue
429 3295 491 3362 hoc
517 3303 739 3381 argumentum
765 3315 831 3361 uon
857 3296 1024 3382 procedit,
1051 3315 1156 3382 neque
1178 3303 1235 3363 aut
1257 3311 1338 3364 teus
1360 3305 1439 3364 terra

324 3401 470 3488 fontan,
498 3405 554 3467 aut
575 3405 662 3466 terra
682 3423 763 3465 rora
784 3400 890 3484 magis
911 3413 991 3468 met
1012 3400 1083 3467 sive
1104 3399 1256 3468 cohaeret
1277 3417 1375 3485 quam
1395 3415 1439 3465 ce
1536 3387 1537 3394 '

333 3509 423 3570 tera.
1536 3507 1537 3512 ’

418 3605 490 3672 864.
513 3623 659 3670 rnansrr
685 3623 758 3668 sorr
784 3623 922 3671 ossurr
944 3626 1079 3685 uunrs,
1108 3605 1315 3671 llxrnrrruo
1343 3623 1438 3670 sorr·

334 3730 401 3774 rus
423 3729 618 3774 rarosscrr
640 3727 781 3774 rusus.
804 3708 939 3774 Prorsus
962 3708 1094 3791 egregie
1110 3707 1265 3775 Marullus
1288 3725 1436 3774 ounurs.

333 3811 392 3877 sed
419 3810 505 3876 idem
532 3829 598 3878 non
624 3815 711 3876 recto
736 3811 844 3876 subtus
856 3859 865 3894 ,
893 3829 956 3894 quo
990 3809 1148 3878 vocabulo
1178 3811 1348 3879 Lucretius
1379 3827 1438 3876 non

333 3913 452 3998 utitrr3
475 3933 576 3999 quare
596 3911 809 3979 scriusnuum·
825 3919 875 3980 est
895 3911 1074 3978 rssrrus.

419 4017 491 4083 868.
525 4037 671 4081 csrrcrs
694 4035 842 4080 rsorurr
862 4037 987 4088 arcun
1009 4037 1206 4085 varonum.
1241 4019 1378 4089 Aaou
1398 4015 1438 4079 le

333 4117 475 4202 gendum
497 4139 570 4186 esse
585 4119 652 4184 diri
667 4116 711 4185 orl
726 4135 854 4185 versum
869 4119 953 4186 552.
970 4139 1149 4184 surorum
1171 4119 1300 4186 ridetur
1314 4139 1337 4185 a
1352 4119 1438 4184 Laur-

333 4221 410 4286 bino
433 4239 525 4288 esse:
541 4221 600 4288 sed
622 4221 759 4288 alterum
782 4218 858 4287 ierri
881 4239 945 4287 uon
968 4227 1094 4308 potest,
1110 4241 1182 4289 cum
1196 4241 1300 4308 vapor
1315 4237 1437 4306 qnoque

334 4329 421 4390 tuctu
443 4325 660 4410 percipiatur.

419 4427 492 4492 870.
526 4448 665 4492 canino
692 4447 877 4491 rrrsossrn
908 4449 1077 4493 varone.
1111 4427 1285 4510 Eleganter
1312 4431 1346 4492 et
1367 4441 1437 4492 vcro
