3020 5146
339 457 399 520 190
883 448 911 512 V

374 623 450 685 lnde
474 641 568 686 casas
591 627 781 706 postquam
805 639 842 684 ac
865 619 959 708 pellis
981 619 1153 704 ignemque
1177 627 1360 705 pararunt,

336 747 368 800 et
389 738 503 802 mulier
525 737 696 802 coniuncta
718 734 786 800 viro
810 736 966 801 concessit
987 736 1021 800 in
1043 755 1138 800 unum

336 851 526 935 conubium,
542 851 728 934 prolemque
752 869 792 914 ex
814 869 849 916 se
871 850 981 916 videre
1004 856 1163 926 creatam,

337 975 402 1032 tum
425 985 525 1050 genus
548 965 719 1030 humanum
742 967 876 1049 priunum
899 966 1086 1032 mollescere
1108 965 1236 1049 coepit.

254 1104 319 1149 roro
337 1081 421 1165 ignis
444 1081 527 1146 enim
551 1079 673 1145 curarit
695 1087 729 1143 ut
751 1080 835 1146 alsia
856 1099 991 1163 corpora
1013 1079 1114 1162 frigus

337 1216 402 1261 non
424 1196 470 1261 ita
492 1196 555 1260 iam
579 1201 711 1279 possent
732 1195 815 1260 caeli
837 1195 896 1260 snb
919 1195 1060 1276 tegmine
1083 1193 1185 1277 ferre,

337 1316 369 1375 et
391 1311 500 1375 Venus
523 1310 669 1374 inminuit
690 1309 787 1386 viris,
804 1309 958 1394 puerique
979 1315 1147 1393 parentum

337 1424 502 1490 blanditiis
524 1422 619 1489 facile
640 1424 802 1506 ingenium
825 1423 953 1505 fregere
975 1424 1170 1508 superbum.

337 1545 412 1604 tunc
435 1545 466 1604 et
488 1538 657 1604 amicitiem
680 1545 854 1623 coeperunt
876 1539 1006 1622 iungere
1029 1543 1161 1604 aventes

256 1675 322 1722 roso
339 1655 460 1719 finitimi
484 1654 565 1718 inter
587 1673 621 1718 se
644 1672 702 1718 nee
724 1651 853 1718 laedere
876 1671 935 1719 nec
956 1652 1090 1735 violari,

339 1777 370 1834 et
390 1788 507 1854 pucros
530 1767 793 1834 commendarunt
814 1767 1033 1849 muliebreque
1056 1766 1217 1850 saeclum,

337 1885 468 1949 vocibus
491 1889 522 1948 et
544 1888 637 1968 gestu
659 1902 730 1948 cnm
753 1882 850 1948 balbe
873 1881 1093 1966 significarfflt

338 1998 570 2064 imbecillorum
593 2015 666 2062 esse
688 2015 799 2062 aecum
823 1997 1003 2064 misererier
1026 1998 1148 2062 omnis.

339 2133 399 2178 neo
421 2121 527 2178 tamen
550 2109 742 2177 omnimodis
765 2117 890 2195 poterat
911 2112 1084 2178 concordia
1106 2111 1216 2195 gigni,

258 2249 323 2296 1025
340 2229 396 2294 sed
419 2229 504 2292 bona
527 2245 706 2310 magnaque
729 2245 805 2310 pars
827 2227 975 2293 servabat
996 2225 1129 2294 foedera
1153 2231 1264 2292 caste:

339 2349 394 2408 aut
415 2361 518 2426 genus
541 2341 711 2406 humanum
736 2341 801 2406 iam
823 2347 888 2406 turn
912 2341 995 2406 foret
1017 2361 1111 2408 omne
1133 2347 1368 2430 peremptum,
1397 2397 1400 2402 ,

339 2477 398 2522 nec
418 2456 575 2542 potuisset
597 2454 704 2520 adhuc
726 2454 904 2539 perducere
927 2457 1036 2522 saecla
1058 2479 1228 2542 propago.

379 2573 420 2636 At
440 2571 547 2635 varios
569 2571 699 2654 linguae
721 2570 843 2636 sonitus
865 2577 980 2636 natura
1002 2573 1130 2656 subegit

339 2685 483 2768 mittere,
500 2691 532 2749 et
552 2673 675 2750 utilitas
697 2685 854 2768 expressit
876 2686 1006 2751 nomina
1028 2707 1152 2764 rerum,

258 2820 324 2866 roeo
341 2820 405 2864 non
429 2799 494 2864 alia
517 2799 612 2882 longe
634 2801 759 2866 ratione
783 2808 880 2882 atque
903 2800 975 2884 ipsa
997 2800 1122 2865 videtur

262 2904 272 2934 ⁸
342 2913 529 3000 protrahere
553 2914 595 2978 ad
618 2921 740 2994 gestum
763 2934 881 2998 pueros
903 2915 1038 2980 infantia
1059 2915 1211 3001 linguae,

340 3049 409 3093 cum
434 3027 513 3092 facit
535 3035 568 3091 nt
590 3027 690 3112 digito
714 3047 797 3110 quae
819 3031 883 3096 sint
904 3029 1087 3113 praesentia
1108 3036 1311 3096 monstrent.

339 3144 433 3208 sentit
456 3143 539 3206 enim
562 3143 624 3206 vim
648 3141 783 3223 quisque
807 3163 896 3207 suam
920 3165 983 3225 quo
1006 3145 1048 3208 ad
1070 3143 1174 3228 possit
1195 3147 1312 3211 abuti.

343 3277 464 3321 cornua
485 3263 562 3321 nata
585 3255 673 3340 prins
696 3257 793 3321 ritulo
818 3277 912 3339 quarn
937 3257 1092 3325 frontibus
1116 3265 1246 3344 extent,

260 3371 405 3437 roscillis
427 3372 527 3436 iratus
550 3372 628 3454 petit
650 3377 745 3452 atque
768 3371 903 3438 infestus
925 3373 1070 3455 inurget.

342 3492 375 3549 at
397 3484 491 3549 catuli
515 3484 741 3568 pantherarum
765 3487 953 3570 scymnique
977 3489 1102 3554 leonum

341 3600 502 3681 unguibus
526 3619 565 3664 ac
587 3599 724 3683 pedibus
746 3602 809 3666 ianr
832 3609 897 3667 tum
920 3621 1091 3685 morsuque
1114 3615 1318 3690 repugnant,

340 3715 392 3778 vix
415 3715 510 3780 etiarn
533 3735 604 3780 cum
628 3721 702 3778 sunt
724 3715 837 3780 (lentes
860 3735 1045 3816 unguesque
1068 3717 1186 3782 creati.

340 3829 473 3893 alituum
497 3850 590 3912 porro
614 3849 716 3910 genus
739 3829 799 3894 alis
823 3849 915 3895 omne
938 3829 1085 3896 videmus

260 3961 326 4008 roro
343 3942 441 4008 fidere
465 3951 496 4008 et
518 3965 537 4009 a
559 3943 666 4028 pinnis
689 3943 856 4008 tremulum
879 3951 988 4026 petere
1011 3945 1219 4012 auxiliatum.

347 4245 409 4292 1011
431 4259 514 4294 cassas
534 4243 547 4312 Η
567 4246 647 4311 pullus
668 4244 681 4314 Η
704 4249 770 4296 1018
784 4245 966 4309 Cogrritasunt
986 4243 999 4312 Η
1023 4247 1087 4296 1016
1103 4245 1178 4296 ferri.
1200 4243 1214 4314 Η
1238 4251 1308 4298 1020
1322 4251 1434 4300 violare.

349 4331 414 4378 1023
429 4334 514 4382 omni.
530 4331 543 4402 l}
560 4337 626 4384 1025
640 4333 720 4384 casu.
742 4331 755 4400 ΙΙ
779 4335 844 4382 1083
857 4334 895 4382 vis
910 4329 922 4400 Η
935 4334 1003 4395 quorl
1022 4330 1035 4400 ΙΙ
1058 4335 1123 4384 1035
1138 4334 1248 4384 infessus
1262 4335 1277 4403 Η
1300 4339 1371 4386 1038
1383 4339 1455 4386 tim*

347 4420 413 4466 1039
433 4435 556 4484 proporro
