3052 5150
632 397 680 464 Ill
1150 395 1211 462 185

118 569 405 672 quadratusprima
426 588 544 655 manu,
566 569 706 652 itemque
721 585 743 632 a
758 573 937 634 correctore
960 567 1127 670 oblongus,
1150 592 1213 634 rea

10 720 11 763 ,
116 697 201 760 prere
221 675 317 738 ὼοιπω
333 723 340 736 .
356 674 389 737 iu
417 673 511 738 tertio
538 670 714 756 quadratus
736 683 830 756 queat
851 681 941 735 crtus
957 717 964 732 .
980 671 1014 736 in
1042 669 1210 736 undecimo

118 775 263 858 oblongus
284 799 385 862 acque
407 776 495 840 exire
517 821 524 838 .
554 792 647 838 omne
669 778 776 837 autem
797 778 1021 856 argumentum
1043 780 1075 838 et
1096 773 1211 857 imper-

11 896 12 948 }
118 876 221 943 lectum
249 884 298 942 est
324 883 357 942 et
378 882 486 942 cetera
507 874 728 959 interrumpit,
756 873 884 958 ipsique
906 893 1018 940 versus
1043 875 1130 940 inira
1151 894 1211 940 suo

115 978 177 1044 loco
192 983 357 1047 recurrunt
372 977 405 1043 in
419 977 503 1043 libro
518 999 549 1063 v,
561 976 751 1044 col—363.
768 975 848 1042 haec
870 977 969 1060 igitur
991 977 1100 1042 omnia
1114 997 1135 1042 a
1150 977 1211 1043 Lu·
1229 1005 1233 1016 ·

116 1082 202 1146 cretio
232 1081 285 1146 bio
312 1081 433 1166 scripta
458 1099 524 1146 non
550 1099 623 1146 csse
644 1078 849 1144 manifestum
872 1085 940 1163 cst,
969 1079 1028 1146 sed
1049 1099 1071 1145 a
1092 1079 1212 1146 lectore

116 1182 294 1268 philosopho
307 1233 315 1268 ,
328 1183 384 1266 qui
400 1183 460 1248 hoc
474 1201 603 1266 quoque
617 1175 807 1264 argumento
819 1201 859 1246 ex
875 1181 940 1248 alio
955 1182 1027 1248 loco
1042 1181 1211 1267 desumpto

115 1305 173 1350 rem
196 1285 363 1352 commode
383 1285 535 1351 illustrari
558 1304 660 1372 posse
677 1283 876 1350 existimaret
898 1332 906 1348 .
929 1283 981 1350 bic
1006 1290 1114 1352 amen
1140 1303 1210 1349 cum

115 1393 225 1453 ceteros
247 1406 383 1472 versus,
407 1387 524 1472 quibus
546 1387 587 1452 de
603 1385 693 1452 caelo
709 1393 878 1470 ageretur,
898 1405 962 1452 non
977 1393 1043 1452 tam
1059 1385 1154 1452 lacile
1169 1385 1211 1451 ad

114 1488 242 1554 minum
256 1487 426 1554 transferri
441 1507 539 1574 posse
553 1487 778 1574 intellegeret,
802 1508 823 1554 a
842 1495 955 1574 coepto
975 1487 1210 1555 transcribendi

112 1590 211 1657 labore
232 1609 310 1655 mox
332 1589 476 1656 destitit.
493 1595 528 1657 at
542 1590 699 1657 Michahel
715 1590 869 1656 Marullus
884 1591 940 1657 illo
956 1591 1111 1657 audacior
1132 1590 1211 1656 nihil

113 1693 222 1760 veritus
236 1699 286 1759 est
295 1693 410 1759 ceteris
422 1692 655 1760 transferendis
668 1693 824 1759 immanes
833 1693 971 1778 ineptias
983 1693 1117 1776 inferre,
1129 1712 1211 1776 quos

112 1814 213 1862 versus
236 1815 311 1865 cum
331 1813 442 1861 omnes
464 1794 555 1860 libris
577 1794 740 1862 veteribus
762 1797 832 1862 sine
855 1797 1041 1882 exceptione
1065 1793 1211 1861 omnibus

112 1896 217 1964 abesse
239 1905 296 1963 aut
319 1896 439 1962 scirent
460 1903 517 1962 aut
543 1904 629 1964 certe
657 1898 811 1968 deberent
837 1898 940 1982 seire,
966 1897 1113 1984 plerique
1139 1897 1210 1962 sine

112 1998 324 2066 admonitione
346 2007 574 2086 susceperunt,
591 1999 831 2085 Wakefieldus,
855 2001 904 2066 oui
920 1999 1076 2083 Forbiger
1097 1998 1211 2065 adsen-

111 2122 160 2168 sus
180 2111 248 2187 est,
264 2101 401 2188 ‘poetae’
419 2101 466 2188 (id
483 2109 532 2167 est
547 2101 689 2186 Marulli)
704 2103 839 2169 miratur
853 2103 1099 2170 ‘consideratam
1122 2121 1211 2168 seve·
1260 2179 1263 2190 ¹

112 2203 229 2270 ritatem
252 2203 442 2288 diligitque,
458 2223 517 2288 per
531 2212 597 2270 tam
613 2204 786 2271 dilucidam
801 2207 1079 2272 ratiocinationem
1094 2206 1213 2290 simpli-

111 2307 183 2372 citer
204 2311 345 2372 mentem
367 2325 458 2372 suam
480 2307 680 2391 exponentis’
704 2353 713 2368 .
735 2308 812 2373 mihi
836 2309 965 2374 Marulli
991 2309 1076 2374 male
1098 2308 1214 2374 sedula

111 2407 298 2494 simplicitas
318 2426 384 2473 non
407 2409 502 2474 nimis
524 2409 721 2492 exagitanda
743 2431 815 2478 esse
830 2412 979 2478 videtur:
995 2411 1151 2478 subiciam
1166 2416 1212 2476 ta

112 2529 178 2576 men
193 2511 265 2576 eins
279 2509 477 2596 versiculos,
489 2518 525 2576 ut
539 2519 697 2597 appareat
712 2533 797 2598 quae
812 2514 977 2580 Lambiuis
993 2521 1025 2580 et
1039 2511 1212 2581 Wakefiel-

112 2611 157 2679 dis
175 2613 319 2697 (ceteros
340 2631 426 2678 nuuc
447 2613 572 2695 omitto)
591 2613 740 2680 Lucretio
763 2614 955 2699 dignissima
976 2617 1049 2682 visa
1072 2615 1210 2683 fuerint.

110 2715 148 2780 At
167 2738 292 2801 παφα,
315 2715 367 2780 uli
385 2713 496 2790 ἅοοιιί,
515 2715 701 2782 celadusam
718 2741 847 2804 corpore
868 2718 983 2784 mentis
998 2719 1126 2784 Natura
1148 2731 1193 2784 eat
1202 2768 1212 2802 ,

109 2819 253 2904 quoniam
280 2814 451 2882 admoram
478 2831 523 2884 eet
549 2821 584 2884 io
610 2819 704 2884 redae
729 2821 844 2902 inane,
877 2821 944 2886 Nec
974 2833 1077 2886 tomen
1107 2833 1152 2885 eat
1178 2833 1213 2884 at

109 2921 222 2986 ianne:
243 2941 343 3005 neque
363 2932 467 2985 antem
489 2944 622 3008 corporo
641 2919 753 2986 desarrt
766 2923 821 2987 Ec
835 2923 977 3007 ebfim'to,
998 2947 1079 3008 quac
1090 2923 1213 3009 possint

100 3021 183 3106 forte
209 3033 317 3088 coorta
345 3021 498 3089 Omnncre
524 3025 604 3089 donc
635 3023 750 3090 mentis
780 3023 913 3089 violento
943 3025 1066 3089 turbine
1096 3023 1211 3088 molem

108 3123 169 3189 Aret
186 3123 289 3190 odiam
310 3126 454 3210 pacincis
475 3125 596 3192 cladem
618 3129 788 3213 importare
807 3126 945 3211 pericli:
960 3128 1027 3192 Nee
1042 3149 1141 3214 porro
1155 3150 1211 3190 aa·

109 3237 177 3291 turo
211 3226 276 3291 loci
298 3227 503 3315 spacimnqac
525 3227 689 3316 profundi
711 3229 850 3315 Defieri,
870 3231 1009 3316 expandi
1027 3252 1088 3316 quo
1109 3227 1213 3313 possit

108 3326 154 3393 vis
181 3325 301 3394 animai
329 3328 395 3392 Aut
422 3329 491 3396 aleb
517 3333 630 3420 quavis
657 3330 761 3414 possit
782 3332 818 3396 υἱ
833 3332 929 3418 pulsa
949 3335 1057 3417 perire
1080 3381 1090 3398 .
1111 3331 1214 3398 Hand

109 3429 204 3515 {palor
227 3429 284 3494 leti
295 3429 470 3516 praecluso
491 3445 536 3497 est
556 3434 657 3497 mono
677 3433 795 3500 menti.

188 3531 263 3599 820.
286 3530 396 3610 Quor>
418 3555 620 3599 vrrncrsus
642 3555 688 3598 aa
711 3557 828 3601 ausus
845 3585 852 3601 .
869 3536 1045 3602 Lambinus
1059 3557 1211 3600 snrsnr-

109 3657 195 3720 aus,
212 3639 300 3700 recte
316 3657 324 3699 ε
340 3655 415 3700 nam
433 3635 568 3702 alterum
589 3637 686 3722 plane
706 3639 879 3704 absurdum
897 3645 965 3705 est.
982 3637 1067 3705 idem
1084 3637 1212 3703 Lambi-

109 3757 186 3816 nus,
208 3755 280 3804 osm
302 3736 459 3804 Marullus
485 3739 664 3804 orationem
693 3739 885 3824 pendentem
915 3762 1012 3808 versu
1033 3748 1108 3826 post
1129 3739 1213 3806 bunc

109 3837 216 3905 addito
238 3838 400 3924 fulsisset,
425 3841 533 3907 verius
555 3841 655 3907 sensit
676 3849 750 3926 post
771 3861 899 3908 versum
919 3851 1066 3927 quartum
1090 3843 1213 3928 perisso

109 3940 264 4026 apodosin
279 3963 287 4006 ι
304 3940 362 4007 sed
384 3942 511 4010 Marulli
534 3963 682 4029 versum,
703 3944 756 4028 qui
780 3951 851 4010 erat
873 3945 945 4028 bic,
961 3946 1089 4014 Scilicet
1102 3970 1124 4009 a
1138 3969 1213 4011 cera

109 4043 196 4132 leupo
214 4045 336 4110 ratt'cm
356 4059 507 4111 remotum
530 4059 597 4130 eet,
619 4065 684 4111 non
712 4051 798 4112 recte
824 4047 974 4131 probavit
1002 4047 1078 4114 illuc
1100 4048 1212 4112 traiec-

110 4150 171 4212 tum
196 4194 203 4208 .
231 4151 412 4214 astantem
445 4149 649 4234 perspicuum
678 4167 718 4213 ea
744 4168 826 4232 quae
856 4149 1034 4215 exciderint
1058 4149 1092 4214 in
1118 4148 1212 4214 buius

111 4245 176 4314 lere
196 4247 283 4316 modi
305 4255 463 4332 concepta
484 4249 585 4316 luisse
600 4249 789 4316 senteutiam
803 4299 812 4332 ,
828 4251 934 4316 Malta
955 4265 1058 4317 amen
1080 4263 1213 4336 crepant

111 4351 245 4416 montom
267 4351 375 4434 molo,
390 4353 490 4418 malta
506 4353 652 4440 periodi.

192 4451 263 4519 824.
288 4452 465 4518 Pasnraa
484 4475 574 4518 snrrr
598 4475 701 4526 onan
725 4473 825 4526 ouon
845 4475 1007 4520 noasrsr
1029 4473 1101 4519 eurr
1122 4473 1211 4518 coa·

110 4573 213 4623 rosas
240 4575 377 4622 anesus
393 4603 401 4622 .
419 4557 516 4624 Recte
543 4557 615 4648 ltell
643 4561 675 4622 et
701 4555 870 4626 Turnebus
892 4577 1027 4622 nonnus
1054 4579 1124 4622 eom
1145 4577 1212 4650 cor·
