<?xml version="1.0" encoding="UTF-8"?>
<!DOCTYPE html PUBLIC "-//W3C//DTD XHTML 1.0 Transitional//EN"
    "http://www.w3.org/TR/xhtml1/DTD/xhtml1-transitional.dtd">
<html xmlns="http://www.w3.org/1999/xhtml" xml:lang="en" lang="en">
 <head>
  <title>
</title>
<meta http-equiv="Content-Type" content="text/html;charset=utf-8" />
  <meta name='ocr-system' content='tesseract 3.04.00' />
  <meta name='ocr-capabilities' content='ocr_page ocr_carea ocr_par ocr_line ocrx_word'/>
</head>
<body>
  <div class='ocr_page' id='page_1' title='image "./tlucreticarider24carugoog_0446.png"; bbox 0 0 3052 5150; ppageno 0'>
   <div class='ocr_carea' id='block_1_1' title="bbox 522 357 1212 482">
    <p class='ocr_par' dir='ltr' id='par_1_1' title="bbox 522 357 1212 482">
     <span class='ocr_line' id='line_1_1' title="bbox 522 357 1212 482; baseline 0.004 -6"><span class='ocrx_word' id='word_1_1' title='bbox 522 371 526 380; x_wconf 77' lang='grc'><strong>’</strong></span> <span class='ocrx_word' id='word_1_2' title='bbox 639 411 689 476; x_wconf 88' lang='lat'><strong>111</strong></span> <span class='ocrx_word' id='word_1_3' title='bbox 1114 357 1120 366; x_wconf 37' lang='lat'><em>⁶</em></span> <span class='ocrx_word' id='word_1_4' title='bbox 1152 413 1212 482; x_wconf 86' lang='lat'><strong>191</strong></span> 
     </span>
    </p>
   </div>
   <div class='ocr_carea' id='block_1_2' title="bbox 10 579 1215 874">
    <p class='ocr_par' dir='ltr' id='par_1_2' title="bbox 10 579 1215 874">
     <span class='ocr_line' id='line_1_2' title="bbox 123 579 1214 669; baseline 0.001 -20"><span class='ocrx_word' id='word_1_5' title='bbox 123 583 255 669; x_wconf 67' lang='lat' dir='ltr'><strong>epops,</strong></span> <span class='ocrx_word' id='word_1_6' title='bbox 268 587 300 648; x_wconf 91' lang='lat' dir='ltr'><strong>et</strong></span> <span class='ocrx_word' id='word_1_7' title='bbox 316 580 523 667; x_wconf 63' lang='lat' dir='ltr'><strong>domp‘wmm</strong></span> <span class='ocrx_word' id='word_1_8' title='bbox 538 581 679 648; x_wconf 80' lang='lat' dir='ltr'><strong>tellurem</strong></span> <span class='ocrx_word' id='word_1_9' title='bbox 692 579 781 666; x_wconf 84' lang='lat' dir='ltr'><strong>apud</strong></span> <span class='ocrx_word' id='word_1_10' title='bbox 793 581 978 649; x_wconf 89' lang='lat' dir='ltr'><strong>Petronium</strong></span> <span class='ocrx_word' id='word_1_11' title='bbox 990 583 1032 650; x_wconf 87' lang='grc'><strong>99</strong></span> <span class='ocrx_word' id='word_1_12' title='bbox 1044 601 1065 649; x_wconf 87' lang='lat' dir='ltr'><strong>e</strong></span> <span class='ocrx_word' id='word_1_13' title='bbox 1076 581 1214 667; x_wconf 61' lang='lat' dir='ltr'><strong>domari,</strong></span> 
     </span>
     <span class='ocr_line' id='line_1_3' title="bbox 10 683 1215 781; baseline 0.003 -33"><span class='ocrx_word' id='word_1_14' title='bbox 10 770 13 781; x_wconf 41' lang='grc' dir='ltr'>Ι</span> <span class='ocrx_word' id='word_1_15' title='bbox 123 692 152 750; x_wconf 90' lang='lat' dir='ltr'><strong>ut</strong></span> <span class='ocrx_word' id='word_1_16' title='bbox 161 697 297 771; x_wconf 76' lang='lat' dir='ltr'><strong>perterre</strong></span> <span class='ocrx_word' id='word_1_17' title='bbox 308 684 418 771; x_wconf 73' lang='lat' dir='ltr'><strong>faeere</strong></span> <span class='ocrx_word' id='word_1_18' title='bbox 433 701 455 748; x_wconf 82' lang='lat' dir='ltr'><strong>e</strong></span> <span class='ocrx_word' id='word_1_19' title='bbox 469 684 601 766; x_wconf 76' lang='lat' dir='ltr'><strong>terreri,</strong></span> <span class='ocrx_word' id='word_1_20' title='bbox 617 683 871 770; x_wconf 83' lang='lat' dir='ltr'><strong>ooadoeafaoere</strong></span> <span class='ocrx_word' id='word_1_21' title='bbox 885 704 907 750; x_wconf 84' lang='lat' dir='ltr'><strong>a</strong></span> <span class='ocrx_word' id='word_1_22' title='bbox 922 684 1032 752; x_wconf 68' lang='lat' dir='ltr'><strong>deam-i</strong></span> <span class='ocrx_word' id='word_1_23' title='bbox 1038 733 1048 768; x_wconf 88' lang='lat'><em>‚</em></span> <span class='ocrx_word' id='word_1_24' title='bbox 1060 708 1215 752; x_wconf 78' lang='lat' dir='ltr'><strong>commone</strong></span> 
     </span>
     <span class='ocr_line' id='line_1_4' title="bbox 10 785 1214 874; baseline 0.001 -22"><span class='ocrx_word' id='word_1_25' title='bbox 10 830 13 843; x_wconf 76' lang='grc'>.</span> <span class='ocrx_word' id='word_1_26' title='bbox 113 786 389 873; x_wconf 65' lang='lat' dir='ltr'><strong>supeream,</strong></span> <span class='ocrx_word' id='word_1_27' title='bbox 402 785 602 868; x_wconf 77' lang='lat' dir='ltr'><strong>ollr&#39;oefactas</strong></span> <span class='ocrx_word' id='word_1_28' title='bbox 612 785 654 852; x_wconf 85' lang='lat' dir='ltr'><strong>ab</strong></span> <span class='ocrx_word' id='word_1_29' title='bbox 666 786 794 852; x_wconf 72' lang='lat' dir='ltr'><strong>atticen·</strong></span> <span class='ocrx_word' id='word_1_30' title='bbox 801 786 872 853; x_wconf 85' lang='lat' dir='ltr'><strong>sive</strong></span> <span class='ocrx_word' id='word_1_31' title='bbox 884 787 990 874; x_wconf 72' lang='lat' dir='ltr'><strong>alir’ei,</strong></span> <span class='ocrx_word' id='word_1_32' title='bbox 1004 786 1038 853; x_wconf 92' lang='lat' dir='ltr'><strong>id</strong></span> <span class='ocrx_word' id='word_1_33' title='bbox 1050 794 1214 871; x_wconf 87' lang='lat' dir='ltr'><strong>estapas·</strong></span> 
     </span>
    </p>
   </div>
   <div class='ocr_carea' id='block_1_3' title="bbox 10 887 1214 976">
    <p class='ocr_par' dir='ltr' id='par_1_3' title="bbox 10 887 1214 976">
     <span class='ocr_line' id='line_1_5' title="bbox 10 887 1214 976; baseline -0.005 -16"><span class='ocrx_word' id='word_1_34' title='bbox 10 953 11 960; x_wconf 74' lang='grc'>,</span> <span class='ocrx_word' id='word_1_35' title='bbox 121 889 209 974; x_wconf 84' lang='lat' dir='ltr'><strong>siris,</strong></span> <span class='ocrx_word' id='word_1_36' title='bbox 231 908 296 954; x_wconf 94' lang='lat' dir='ltr'><strong>non</strong></span> <span class='ocrx_word' id='word_1_37' title='bbox 319 908 340 954; x_wconf 86' lang='lat' dir='ltr'><strong>a</strong></span> <span class='ocrx_word' id='word_1_38' title='bbox 361 888 482 955; x_wconf 83' lang='lat' dir='ltr'>neutris</span> <span class='ocrx_word' id='word_1_39' title='bbox 498 937 506 954; x_wconf 94' lang='lat'><strong>.</strong></span> <span class='ocrx_word' id='word_1_40' title='bbox 521 887 580 954; x_wconf 89' lang='lat' dir='ltr'><strong>sed</strong></span> <span class='ocrx_word' id='word_1_41' title='bbox 602 887 685 954; x_wconf 81' lang='lat' dir='ltr'><strong>valle</strong></span> <span class='ocrx_word' id='word_1_42' title='bbox 695 887 773 974; x_wconf 77' lang='lat' dir='ltr'><strong>saei</strong></span> <span class='ocrx_word' id='word_1_43' title='bbox 787 888 942 956; x_wconf 79' lang='lat' dir='ltr'>Varronis</span> <span class='ocrx_word' id='word_1_44' title='bbox 964 888 1051 976; x_wconf 84' lang='lat' dir='ltr'><strong>apud</strong></span> <span class='ocrx_word' id='word_1_45' title='bbox 1073 889 1214 955; x_wconf 86' lang='lat' dir='ltr'>Nonium</span> 
     </span>
    </p>
   </div>
   <div class='ocr_carea' id='block_1_4' title="bbox 107 990 1217 3534">
    <p class='ocr_par' dir='ltr' id='par_1_4' title="bbox 107 990 1217 3534">
     <span class='ocr_line' id='line_1_6' title="bbox 121 990 1215 1080; baseline 0.002 -24"><span class='ocrx_word' id='word_1_46' title='bbox 121 1011 147 1076; x_wconf 89' lang='lat' dir='ltr'><strong>p.</strong></span> <span class='ocrx_word' id='word_1_47' title='bbox 158 991 225 1070; x_wconf 74' lang='lat' dir='ltr'><strong>tlt,</strong></span> <span class='ocrx_word' id='word_1_48' title='bbox 240 992 283 1056; x_wconf 84' lang='lat'><strong>24</strong></span> <span class='ocrx_word' id='word_1_49' title='bbox 296 991 400 1074; x_wconf 76' lang='lat' dir='ltr'><strong>magis</strong></span> <span class='ocrx_word' id='word_1_50' title='bbox 416 990 567 1056; x_wconf 80' lang='lat' dir='ltr'><strong>convenit</strong></span> <span class='ocrx_word' id='word_1_51' title='bbox 580 1009 651 1056; x_wconf 89' lang='lat' dir='ltr'><strong>eum</strong></span> <span class='ocrx_word' id='word_1_52' title='bbox 666 990 827 1073; x_wconf 68' lang='lat' dir='ltr'><strong>vallant,</strong></span> <span class='ocrx_word' id='word_1_53' title='bbox 845 993 979 1079; x_wconf 75' lang='lat' dir='ltr'><strong>peria-it</strong></span> <span class='ocrx_word' id='word_1_54' title='bbox 993 992 1082 1080; x_wconf 87' lang='lat' dir='ltr'><strong>(nam</strong></span> <span class='ocrx_word' id='word_1_55' title='bbox 1097 991 1215 1058; x_wconf 84' lang='lat' dir='ltr'><strong>vitiose</strong></span> 
     </span>
     <span class='ocr_line' id='line_1_7' title="bbox 120 1091 1215 1179; baseline 0.001 -21"><span class='ocrx_word' id='word_1_56' title='bbox 120 1093 196 1178; x_wconf 86' lang='lat' dir='ltr'><strong>apud</strong></span> <span class='ocrx_word' id='word_1_57' title='bbox 209 1093 345 1160; x_wconf 84' lang='lat' dir='ltr'><strong>Paulum</strong></span> <span class='ocrx_word' id='word_1_58' title='bbox 361 1091 531 1159; x_wconf 78' lang='lat' dir='ltr'><strong>diaconum</strong></span> <span class='ocrx_word' id='word_1_59' title='bbox 553 1113 586 1177; x_wconf 91' lang='lat' dir='ltr'><strong>p.</strong></span> <span class='ocrx_word' id='word_1_60' title='bbox 600 1093 659 1158; x_wconf 88' lang='lat'><strong>161</strong></span> <span class='ocrx_word' id='word_1_61' title='bbox 683 1092 837 1177; x_wconf 89' lang='lat' dir='ltr'><strong>seriptum</strong></span> <span class='ocrx_word' id='word_1_62' title='bbox 854 1099 903 1160; x_wconf 91' lang='lat' dir='ltr'><strong>est</strong></span> <span class='ocrx_word' id='word_1_63' title='bbox 916 1094 1094 1179; x_wconf 76' lang='lat' dir='ltr'><strong>pallescit),</strong></span> <span class='ocrx_word' id='word_1_64' title='bbox 1117 1112 1215 1177; x_wconf 83' lang='lat' dir='ltr'><strong>quem</strong></span> 
     </span>
     <span class='ocr_line' id='line_1_8' title="bbox 120 1193 1216 1280; baseline 0.002 -20"><span class='ocrx_word' id='word_1_65' title='bbox 120 1213 182 1260; x_wconf 88' lang='lat' dir='ltr'><strong>oon</strong></span> <span class='ocrx_word' id='word_1_66' title='bbox 196 1196 356 1279; x_wconf 70' lang='lat' dir='ltr'><strong>madero,</strong></span> <span class='ocrx_word' id='word_1_67' title='bbox 371 1193 458 1280; x_wconf 90' lang='lat' dir='ltr'><strong>quod</strong></span> <span class='ocrx_word' id='word_1_68' title='bbox 470 1193 593 1260; x_wconf 82' lang='lat' dir='ltr'><strong>Nouius</strong></span> <span class='ocrx_word' id='word_1_69' title='bbox 608 1195 730 1261; x_wconf 88' lang='lat' dir='ltr'><strong>rettulit</strong></span> <span class='ocrx_word' id='word_1_70' title='bbox 744 1215 775 1278; x_wconf 87' lang='lat' dir='ltr'><strong>p.</strong></span> <span class='ocrx_word' id='word_1_71' title='bbox 790 1195 865 1280; x_wconf 85' lang='lat'>102,</span> <span class='ocrx_word' id='word_1_72' title='bbox 880 1199 895 1262; x_wconf 96' lang='lat'>1</span> <span class='ocrx_word' id='word_1_73' title='bbox 911 1217 919 1262; x_wconf 73' lang='grc' dir='ltr'><em>τ</em></span> <span class='ocrx_word' id='word_1_74' title='bbox 935 1202 967 1262; x_wconf 91' lang='lat' dir='ltr'><strong>et</strong></span> <span class='ocrx_word' id='word_1_75' title='bbox 982 1195 1112 1264; x_wconf 82' lang='lat' dir='ltr'><strong>diverse</strong></span> <span class='ocrx_word' id='word_1_76' title='bbox 1126 1215 1216 1262; x_wconf 86' lang='lat' dir='ltr'><strong>seeu-</strong></span> 
     </span>
     <span class='ocr_line' id='line_1_9' title="bbox 119 1295 1215 1383; baseline 0.003 -21"><span class='ocrx_word' id='word_1_77' title='bbox 119 1304 163 1362; x_wconf 89' lang='lat' dir='ltr'><strong>tus</strong></span> <span class='ocrx_word' id='word_1_78' title='bbox 177 1304 223 1364; x_wconf 90' lang='lat' dir='ltr'><strong>est</strong></span> <span class='ocrx_word' id='word_1_79' title='bbox 237 1299 362 1382; x_wconf 86' lang='lat' dir='ltr'><strong>Varro,</strong></span> <span class='ocrx_word' id='word_1_80' title='bbox 386 1317 456 1365; x_wconf 87' lang='lat' dir='ltr'><strong>aum</strong></span> <span class='ocrx_word' id='word_1_81' title='bbox 479 1296 562 1362; x_wconf 84' lang='lat' dir='ltr'><strong>dixit</strong></span> <span class='ocrx_word' id='word_1_82' title='bbox 570 1295 667 1382; x_wconf 79' lang='lat' dir='ltr'><strong>fervo</strong></span> <span class='ocrx_word' id='word_1_83' title='bbox 673 1296 781 1383; x_wconf 78' lang='lat' dir='ltr'><strong>facito</strong></span> <span class='ocrx_word' id='word_1_84' title='bbox 804 1303 957 1365; x_wconf 87' lang='lat' dir='ltr'><strong>ettamen</strong></span> <span class='ocrx_word' id='word_1_85' title='bbox 972 1298 1005 1364; x_wconf 91' lang='lat' dir='ltr'><strong>in</strong></span> <span class='ocrx_word' id='word_1_86' title='bbox 1027 1317 1124 1365; x_wconf 81' lang='lat' dir='ltr'><strong>versu</strong></span> <span class='ocrx_word' id='word_1_87' title='bbox 1140 1299 1215 1365; x_wconf 81' lang='lat' dir='ltr'><strong>Fer·</strong></span> 
     </span>
     <span class='ocr_line' id='line_1_10' title="bbox 119 1399 1215 1487; baseline 0.005 -24"><span class='ocrx_word' id='word_1_88' title='bbox 119 1421 181 1464; x_wconf 81' lang='lat' dir='ltr'><strong>uere</strong></span> <span class='ocrx_word' id='word_1_89' title='bbox 196 1402 317 1487; x_wconf 78' lang='lat' dir='ltr'><strong>piratis</strong></span> <span class='ocrx_word' id='word_1_90' title='bbox 337 1401 521 1486; x_wconf 82' lang='lat' dir='ltr'><strong>vastarique</strong></span> <span class='ocrx_word' id='word_1_91' title='bbox 535 1400 641 1464; x_wconf 80' lang='lat' dir='ltr'><strong>omnia</strong></span> <span class='ocrx_word' id='word_1_92' title='bbox 661 1400 799 1464; x_wconf 81' lang='lat' dir='ltr'><strong>or&#39;reum.</strong></span> <span class='ocrx_word' id='word_1_93' title='bbox 816 1419 913 1484; x_wconf 84' lang='lat' dir='ltr'><strong>porro</strong></span> <span class='ocrx_word' id='word_1_94' title='bbox 929 1399 972 1466; x_wconf 84' lang='lat' dir='ltr'><strong>ad</strong></span> <span class='ocrx_word' id='word_1_95' title='bbox 987 1401 1215 1486; x_wconf 83' lang='lat' dir='ltr'><strong>explieandum</strong></span> 
     </span>
     <span class='ocr_line' id='line_1_11' title="bbox 118 1500 1216 1589; baseline 0.004 -23"><span class='ocrx_word' id='word_1_96' title='bbox 118 1525 183 1569; x_wconf 81' lang='lat' dir='ltr'><strong>vaae</strong></span> <span class='ocrx_word' id='word_1_97' title='bbox 193 1503 237 1588; x_wconf 80' lang='lat' dir='ltr'><strong>fit</strong></span> <span class='ocrx_word' id='word_1_98' title='bbox 259 1502 347 1588; x_wconf 92' lang='lat' dir='ltr'><strong>qnod</strong></span> <span class='ocrx_word' id='word_1_99' title='bbox 362 1503 545 1586; x_wconf 80' lang='lat' dir='ltr'><strong>Wagnerus</strong></span> <span class='ocrx_word' id='word_1_100' title='bbox 559 1501 593 1566; x_wconf 92' lang='lat' dir='ltr'><strong>in</strong></span> <span class='ocrx_word' id='word_1_101' title='bbox 609 1506 695 1566; x_wconf 90' lang='lat' dir='ltr'><strong>tomo</strong></span> <span class='ocrx_word' id='word_1_102' title='bbox 716 1521 736 1563; x_wconf 83' lang='lat' dir='ltr'>v</span> <span class='ocrx_word' id='word_1_103' title='bbox 752 1500 885 1586; x_wconf 83' lang='lat' dir='ltr'><strong>Vergilii</strong></span> <span class='ocrx_word' id='word_1_104' title='bbox 904 1524 937 1589; x_wconf 87' lang='lat' dir='ltr'><strong>p.</strong></span> <span class='ocrx_word' id='word_1_105' title='bbox 949 1524 1015 1566; x_wconf 86' lang='lat' dir='ltr'><strong>xxv</strong></span> <span class='ocrx_word' id='word_1_106' title='bbox 1034 1523 1075 1570; x_wconf 87' lang='lat' dir='ltr'><strong>ex</strong></span> <span class='ocrx_word' id='word_1_107' title='bbox 1090 1503 1216 1570; x_wconf 81' lang='lat' dir='ltr'><strong>Vatiae-</strong></span> 
     </span>
     <span class='ocr_line' id='line_1_12' title="bbox 118 1603 1217 1689; baseline 0.006 -22"><span class='ocrx_word' id='word_1_108' title='bbox 118 1604 162 1670; x_wconf 90' lang='lat' dir='ltr'><strong>nis</strong></span> <span class='ocrx_word' id='word_1_109' title='bbox 181 1605 309 1672; x_wconf 90' lang='lat' dir='ltr'><strong>sohedis</strong></span> <span class='ocrx_word' id='word_1_110' title='bbox 331 1611 495 1689; x_wconf 77' lang='lat' dir='ltr'><strong>tamquam</strong></span> <span class='ocrx_word' id='word_1_111' title='bbox 517 1603 685 1686; x_wconf 86' lang='lat' dir='ltr'><strong>antiquum</strong></span> <span class='ocrx_word' id='word_1_112' title='bbox 708 1607 837 1687; x_wconf 83' lang='lat' dir='ltr'><strong>enatet,</strong></span> <span class='ocrx_word' id='word_1_113' title='bbox 861 1605 960 1671; x_wconf 80' lang='lat' dir='ltr'><strong>Hoste</strong></span> <span class='ocrx_word' id='word_1_114' title='bbox 980 1629 1089 1672; x_wconf 82' lang='lat' dir='ltr'><strong>aaeera</strong></span> <span class='ocrx_word' id='word_1_115' title='bbox 1110 1605 1217 1674; x_wconf 67' lang='lat' dir='ltr'><strong>danos</strong></span> 
     </span>
     <span class='ocr_line' id='line_1_13' title="bbox 118 1705 1216 1793; baseline 0.003 -22"><span class='ocrx_word' id='word_1_116' title='bbox 118 1726 170 1790; x_wconf 88' lang='lat' dir='ltr'><strong>pro</strong></span> <span class='ocrx_word' id='word_1_117' title='bbox 183 1733 319 1793; x_wconf 79' lang='lat' dir='ltr'><strong>uacare,</strong></span> <span class='ocrx_word' id='word_1_118' title='bbox 341 1707 419 1774; x_wconf 88' lang='lat' dir='ltr'><strong>mihi</strong></span> <span class='ocrx_word' id='word_1_119' title='bbox 434 1707 499 1774; x_wconf 86' lang='lat' dir='ltr'><strong>fide</strong></span> <span class='ocrx_word' id='word_1_120' title='bbox 520 1727 585 1772; x_wconf 87' lang='lat' dir='ltr'><strong>non</strong></span> <span class='ocrx_word' id='word_1_121' title='bbox 601 1705 731 1790; x_wconf 80' lang='lat' dir='ltr'><strong>dignius</strong></span> <span class='ocrx_word' id='word_1_122' title='bbox 746 1705 874 1772; x_wconf 83' lang='lat' dir='ltr'><strong>videtur</strong></span> <span class='ocrx_word' id='word_1_123' title='bbox 895 1726 991 1790; x_wconf 82' lang='lat' dir='ltr'><strong>quam</strong></span> <span class='ocrx_word' id='word_1_124' title='bbox 1006 1732 1077 1774; x_wconf 83' lang='lat' dir='ltr'><strong>oum</strong></span> <span class='ocrx_word' id='word_1_125' title='bbox 1091 1732 1216 1774; x_wconf 82' lang='lat' dir='ltr'><strong>aeaeae-</strong></span> 
     </span>
     <span class='ocr_line' id='line_1_14' title="bbox 118 1808 1217 1896; baseline 0.003 -23"><span class='ocrx_word' id='word_1_126' title='bbox 118 1810 155 1873; x_wconf 74' lang='lat' dir='ltr'><strong>rit</strong></span> <span class='ocrx_word' id='word_1_127' title='bbox 164 1859 173 1892; x_wconf 86' lang='lat'><em>‚</em></span> <span class='ocrx_word' id='word_1_128' title='bbox 195 1810 284 1896; x_wconf 91' lang='lat' dir='ltr'><strong>quod</strong></span> <span class='ocrx_word' id='word_1_129' title='bbox 306 1829 365 1896; x_wconf 91' lang='lat' dir='ltr'><strong>pro</strong></span> <span class='ocrx_word' id='word_1_130' title='bbox 389 1810 585 1876; x_wconf 64' lang='lat' dir='ltr'><strong>evacuaverit</strong></span> <span class='ocrx_word' id='word_1_131' title='bbox 599 1809 754 1894; x_wconf 88' lang='lat' dir='ltr'><strong>seriptum</strong></span> <span class='ocrx_word' id='word_1_132' title='bbox 768 1808 834 1892; x_wconf 79' lang='lat' dir='ltr'><strong>legi</strong></span> <span class='ocrx_word' id='word_1_133' title='bbox 849 1808 881 1874; x_wconf 89' lang='lat' dir='ltr'><strong>in</strong></span> <span class='ocrx_word' id='word_1_134' title='bbox 897 1809 1037 1894; x_wconf 77' lang='lat' dir='ltr'><strong>epistula</strong></span> <span class='ocrx_word' id='word_1_135' title='bbox 1051 1810 1157 1896; x_wconf 91' lang='lat' dir='ltr'><strong>priore</strong></span> <span class='ocrx_word' id='word_1_136' title='bbox 1173 1808 1217 1876; x_wconf 86' lang='lat' dir='ltr'><strong>ad</strong></span> 
     </span>
     <span class='ocr_line' id='line_1_15' title="bbox 118 1909 1216 1997; baseline 0.004 -22"><span class='ocrx_word' id='word_1_137' title='bbox 118 1910 292 1979; x_wconf 80' lang='lat' dir='ltr'><strong>Corinthios</strong></span> <span class='ocrx_word' id='word_1_138' title='bbox 306 1935 364 1997; x_wconf 83' lang='lat' dir='ltr'><strong>xv,</strong></span> <span class='ocrx_word' id='word_1_139' title='bbox 380 1911 442 1981; x_wconf 80' lang='lat'><strong>24.</strong></span> <span class='ocrx_word' id='word_1_140' title='bbox 465 1909 523 1978; x_wconf 92' lang='lat' dir='ltr'><strong>sed</strong></span> <span class='ocrx_word' id='word_1_141' title='bbox 551 1911 704 1996; x_wconf 86' lang='lat' dir='ltr'><strong>quoniam</strong></span> <span class='ocrx_word' id='word_1_142' title='bbox 730 1910 810 1976; x_wconf 88' lang='lat' dir='ltr'><strong>mihi</strong></span> <span class='ocrx_word' id='word_1_143' title='bbox 834 1911 878 1977; x_wconf 89' lang='lat' dir='ltr'><strong>ad</strong></span> <span class='ocrx_word' id='word_1_144' title='bbox 903 1911 962 1978; x_wconf 85' lang='lat' dir='ltr'><strong>has</strong></span> <span class='ocrx_word' id='word_1_145' title='bbox 988 1912 1216 1995; x_wconf 70' lang='lat' dir='ltr'><strong>grammaticas</strong></span> 
     </span>
     <span class='ocr_line' id='line_1_16' title="bbox 117 2013 1216 2096; baseline 0.001 -17"><span class='ocrx_word' id='word_1_146' title='bbox 117 2016 316 2096; x_wconf 73' lang='lat' dir='ltr'><strong>quaestiones</strong></span> <span class='ocrx_word' id='word_1_147' title='bbox 339 2014 570 2081; x_wconf 73' lang='lat' dir='ltr'><strong>excutiendum</strong></span> <span class='ocrx_word' id='word_1_148' title='bbox 597 2013 676 2096; x_wconf 85' lang='lat' dir='ltr'><strong>suit,</strong></span> <span class='ocrx_word' id='word_1_149' title='bbox 703 2033 768 2079; x_wconf 93' lang='lat' dir='ltr'><strong>uon</strong></span> <span class='ocrx_word' id='word_1_150' title='bbox 795 2013 910 2079; x_wconf 89' lang='lat' dir='ltr'><strong>inutile</strong></span> <span class='ocrx_word' id='word_1_151' title='bbox 931 2013 1014 2080; x_wconf 90' lang='lat' dir='ltr'><strong>duoo</strong></span> <span class='ocrx_word' id='word_1_152' title='bbox 1041 2015 1084 2082; x_wconf 91' lang='lat' dir='ltr'><strong>de</strong></span> <span class='ocrx_word' id='word_1_153' title='bbox 1104 2014 1216 2082; x_wconf 81' lang='lat' dir='ltr'><strong>honum</strong></span> 
     </span>
     <span class='ocr_line' id='line_1_17' title="bbox 116 2115 1216 2203; baseline 0.003 -23"><span class='ocrx_word' id='word_1_154' title='bbox 116 2117 281 2184; x_wconf 79' lang='lat' dir='ltr'><strong>verborum</strong></span> <span class='ocrx_word' id='word_1_155' title='bbox 296 2123 431 2183; x_wconf 84' lang='lat' dir='ltr'><strong>aauentu</strong></span> <span class='ocrx_word' id='word_1_156' title='bbox 445 2115 600 2198; x_wconf 88' lang='lat' dir='ltr'><strong>iudieare,</strong></span> <span class='ocrx_word' id='word_1_157' title='bbox 623 2135 688 2182; x_wconf 92' lang='lat' dir='ltr'><strong>non</strong></span> <span class='ocrx_word' id='word_1_158' title='bbox 703 2135 800 2200; x_wconf 89' lang='lat' dir='ltr'><strong>posse</strong></span> <span class='ocrx_word' id='word_1_159' title='bbox 816 2134 856 2182; x_wconf 85' lang='lat' dir='ltr'><strong>ea</strong></span> <span class='ocrx_word' id='word_1_160' title='bbox 870 2117 977 2200; x_wconf 80' lang='lat' dir='ltr'><strong>magis</strong></span> <span class='ocrx_word' id='word_1_161' title='bbox 992 2116 1129 2184; x_wconf 81' lang='lat' dir='ltr'><strong>barbare</strong></span> <span class='ocrx_word' id='word_1_162' title='bbox 1143 2135 1216 2203; x_wconf 90' lang='lat' dir='ltr'><strong>pro·</strong></span> 
     </span>
     <span class='ocr_line' id='line_1_18' title="bbox 116 2216 1216 2306; baseline 0.005 -24"><span class='ocrx_word' id='word_1_163' title='bbox 116 2217 184 2285; x_wconf 81' lang='lat' dir='ltr'><strong>ferri</strong></span> <span class='ocrx_word' id='word_1_164' title='bbox 205 2239 305 2304; x_wconf 82' lang='lat' dir='ltr'><strong>quam</strong></span> <span class='ocrx_word' id='word_1_165' title='bbox 320 2219 422 2304; x_wconf 90' lang='lat' dir='ltr'><strong>siquis</strong></span> <span class='ocrx_word' id='word_1_166' title='bbox 444 2219 551 2306; x_wconf 75' lang='lat' dir='ltr'><strong>odlefie</strong></span> <span class='ocrx_word' id='word_1_167' title='bbox 566 2216 653 2284; x_wconf 82' lang='lat' dir='ltr'><strong>diost</strong></span> <span class='ocrx_word' id='word_1_168' title='bbox 667 2225 723 2284; x_wconf 89' lang='lat' dir='ltr'><strong>aut</strong></span> <span class='ocrx_word' id='word_1_169' title='bbox 736 2219 844 2304; x_wconf 69' lang='lat' dir='ltr'><strong>calpis</strong></span> <span class='ocrx_word' id='word_1_170' title='bbox 864 2225 920 2284; x_wconf 86' lang='lat' dir='ltr'><strong>eut</strong></span> <span class='ocrx_word' id='word_1_171' title='bbox 934 2219 1107 2306; x_wconf 69' lang='lat' dir='ltr'><strong>calefacti,</strong></span> <span class='ocrx_word' id='word_1_172' title='bbox 1129 2219 1216 2304; x_wconf 90' lang='lat' dir='ltr'><strong>quod</strong></span> 
     </span>
     <span class='ocr_line' id='line_1_19' title="bbox 116 2320 1216 2408; baseline 0.002 -22"><span class='ocrx_word' id='word_1_173' title='bbox 116 2324 208 2388; x_wconf 85' lang='lat' dir='ltr'><strong>nostri</strong></span> <span class='ocrx_word' id='word_1_174' title='bbox 229 2321 378 2388; x_wconf 86' lang='lat' dir='ltr'><strong>homines</strong></span> <span class='ocrx_word' id='word_1_175' title='bbox 405 2321 550 2404; x_wconf 79' lang='lat' dir='ltr'><strong>regulam</strong></span> <span class='ocrx_word' id='word_1_176' title='bbox 578 2320 658 2386; x_wconf 85' lang='lat' dir='ltr'><strong>satis</strong></span> <span class='ocrx_word' id='word_1_177' title='bbox 685 2321 856 2406; x_wconf 88' lang='lat' dir='ltr'><strong>enoipitem</strong></span> <span class='ocrx_word' id='word_1_178' title='bbox 885 2338 981 2387; x_wconf 64' lang='lat' dir='ltr'><strong>amaa</strong></span> <span class='ocrx_word' id='word_1_179' title='bbox 1003 2321 1124 2408; x_wconf 89' lang='lat' dir='ltr'><strong>impetn</strong></span> <span class='ocrx_word' id='word_1_180' title='bbox 1145 2342 1216 2407; x_wconf 90' lang='lat' dir='ltr'><strong>per·</strong></span> 
     </span>
     <span class='ocr_line' id='line_1_20' title="bbox 116 2422 1217 2508; baseline 0.004 -20"><span class='ocrx_word' id='word_1_181' title='bbox 116 2422 174 2492; x_wconf 91' lang='lat' dir='ltr'><strong>dite</strong></span> <span class='ocrx_word' id='word_1_182' title='bbox 194 2429 367 2508; x_wconf 78' lang='lat' dir='ltr'><strong>soquentes</strong></span> <span class='ocrx_word' id='word_1_183' title='bbox 388 2424 494 2490; x_wconf 79' lang='lat' dir='ltr'><strong>faeere</strong></span> <span class='ocrx_word' id='word_1_184' title='bbox 516 2423 641 2490; x_wconf 88' lang='lat' dir='ltr'><strong>solent.</strong></span> <span class='ocrx_word' id='word_1_185' title='bbox 657 2422 718 2489; x_wconf 89' lang='lat' dir='ltr'><strong>hoa</strong></span> <span class='ocrx_word' id='word_1_186' title='bbox 739 2422 835 2488; x_wconf 88' lang='lat' dir='ltr'><strong>modo</strong></span> <span class='ocrx_word' id='word_1_187' title='bbox 858 2424 912 2507; x_wconf 92' lang='lat' dir='ltr'><strong>qui</strong></span> <span class='ocrx_word' id='word_1_188' title='bbox 927 2443 1023 2492; x_wconf 85' lang='lat' dir='ltr'><strong>veros</strong></span> <span class='ocrx_word' id='word_1_189' title='bbox 1045 2424 1217 2492; x_wconf 83' lang='lat' dir='ltr'><strong>vooebuio·</strong></span> 
     </span>
     <span class='ocr_line' id='line_1_21' title="bbox 115 2525 1216 2612; baseline 0.002 -19"><span class='ocrx_word' id='word_1_190' title='bbox 115 2547 177 2593; x_wconf 87' lang='lat' dir='ltr'><strong>rurn</strong></span> <span class='ocrx_word' id='word_1_191' title='bbox 197 2545 298 2594; x_wconf 89' lang='lat' dir='ltr'><strong>sonos</strong></span> <span class='ocrx_word' id='word_1_192' title='bbox 319 2531 524 2611; x_wconf 86' lang='lat' dir='ltr'><strong>pervertunt,</strong></span> <span class='ocrx_word' id='word_1_193' title='bbox 540 2525 740 2592; x_wconf 88' lang='lat' dir='ltr'><strong>Prisoianum</strong></span> <span class='ocrx_word' id='word_1_194' title='bbox 755 2531 811 2592; x_wconf 89' lang='lat' dir='ltr'><strong>aut</strong></span> <span class='ocrx_word' id='word_1_195' title='bbox 829 2532 1034 2593; x_wconf 88' lang='lat' dir='ltr'><strong>oontemnunt</strong></span> <span class='ocrx_word' id='word_1_196' title='bbox 1054 2533 1111 2593; x_wconf 88' lang='lat' dir='ltr'><strong>aut</strong></span> <span class='ocrx_word' id='word_1_197' title='bbox 1125 2529 1216 2612; x_wconf 78' lang='lat' dir='ltr'><strong>igno-</strong></span> 
     </span>
     <span class='ocr_line' id='line_1_22' title="bbox 115 2627 1217 2718; baseline 0.003 -23"><span class='ocrx_word' id='word_1_198' title='bbox 115 2636 182 2696; x_wconf 85' lang='lat' dir='ltr'><strong>rant</strong></span> <span class='ocrx_word' id='word_1_199' title='bbox 195 2629 238 2697; x_wconf 95' lang='lat' dir='ltr'><strong>de</strong></span> <span class='ocrx_word' id='word_1_200' title='bbox 255 2628 305 2694; x_wconf 90' lang='lat' dir='ltr'><strong>his</strong></span> <span class='ocrx_word' id='word_1_201' title='bbox 320 2627 429 2695; x_wconf 87' lang='lat' dir='ltr'><strong>verbis</strong></span> <span class='ocrx_word' id='word_1_202' title='bbox 441 2627 568 2694; x_wconf 90' lang='lat' dir='ltr'><strong>euriose</strong></span> <span class='ocrx_word' id='word_1_203' title='bbox 582 2627 833 2713; x_wconf 85' lang='lat' dir='ltr'><strong>praeeipientem</strong></span> <span class='ocrx_word' id='word_1_204' title='bbox 848 2649 880 2714; x_wconf 94' lang='lat' dir='ltr'><strong>p.</strong></span> <span class='ocrx_word' id='word_1_205' title='bbox 892 2629 955 2696; x_wconf 87' lang='grc'><strong>803</strong></span> <span class='ocrx_word' id='word_1_206' title='bbox 968 2677 976 2694; x_wconf 93' lang='grc'><strong>.</strong></span> <span class='ocrx_word' id='word_1_207' title='bbox 991 2629 1217 2718; x_wconf 62' lang='lat' dir='ltr'><strong>&amp;torrefacto</strong></span> 
     </span>
     <span class='ocr_line' id='line_1_23' title="bbox 115 2729 1217 2820; baseline 0.004 -24"><span class='ocrx_word' id='word_1_208' title='bbox 115 2733 160 2798; x_wconf 82' lang='lat' dir='ltr'><strong>uel</strong></span> <span class='ocrx_word' id='word_1_209' title='bbox 168 2733 217 2818; x_wconf 79' lang='lat' dir='ltr'><strong>fio</strong></span> <span class='ocrx_word' id='word_1_210' title='bbox 240 2732 376 2819; x_wconf 63' lang='lat' dir='ltr'><strong>{niqra</strong></span> <span class='ocrx_word' id='word_1_211' title='bbox 400 2732 617 2814; x_wconf 61' lang='lat' dir='ltr'><strong>manentibus,</strong></span> <span class='ocrx_word' id='word_1_212' title='bbox 639 2730 765 2815; x_wconf 84' lang='lat' dir='ltr'><strong>iuquit,</strong></span> <span class='ocrx_word' id='word_1_213' title='bbox 788 2729 883 2796; x_wconf 76' lang='lat' dir='ltr'><strong>aliud</strong></span> <span class='ocrx_word' id='word_1_214' title='bbox 905 2733 1032 2798; x_wconf 80' lang='lat' dir='ltr'><strong>uerbum</strong></span> <span class='ocrx_word' id='word_1_215' title='bbox 1058 2733 1217 2820; x_wconf 73' lang='lat' dir='ltr'><strong>infitiatione</strong></span> 
     </span>
     <span class='ocr_line' id='line_1_24' title="bbox 115 2833 1217 2921; baseline 0.004 -23"><span class='ocrx_word' id='word_1_216' title='bbox 115 2848 180 2900; x_wconf 82' lang='lat' dir='ltr'><strong>aute</strong></span> <span class='ocrx_word' id='word_1_217' title='bbox 201 2859 241 2902; x_wconf 85' lang='lat' dir='ltr'><strong>ea</strong></span> <span class='ocrx_word' id='word_1_218' title='bbox 262 2845 485 2921; x_wconf 78' lang='lat' dir='ltr'><strong>componatur,</strong></span> <span class='ocrx_word' id='word_1_219' title='bbox 505 2856 568 2897; x_wconf 82' lang='lat' dir='ltr'><strong>noa</strong></span> <span class='ocrx_word' id='word_1_220' title='bbox 590 2833 690 2899; x_wconf 82' lang='lat' dir='ltr'><strong>solam</strong></span> <span class='ocrx_word' id='word_1_221' title='bbox 712 2833 957 2919; x_wconf 68' lang='lat' dir='ltr'><strong>sipaffioatrbaee</strong></span> <span class='ocrx_word' id='word_1_222' title='bbox 976 2847 1005 2900; x_wconf 81' lang='lat' dir='ltr'><strong>et</strong></span> <span class='ocrx_word' id='word_1_223' title='bbox 1026 2836 1217 2921; x_wconf 73' lang='lat' dir='ltr'><strong>coadapatro-</strong></span> 
     </span>
     <span class='ocr_line' id='line_1_25' title="bbox 115 2925 1216 3023; baseline 0.001 -22"><span class='ocrx_word' id='word_1_224' title='bbox 115 2925 166 3001; x_wconf 76' lang='lat' dir='ltr'><strong>aas</strong></span> <span class='ocrx_word' id='word_1_225' title='bbox 187 2938 330 3023; x_wconf 79' lang='lat' dir='ltr'><strong>iatoprae</strong></span> <span class='ocrx_word' id='word_1_226' title='bbox 353 2937 398 3001; x_wconf 81' lang='lat' dir='ltr'><strong>er’s</strong></span> <span class='ocrx_word' id='word_1_227' title='bbox 419 2959 600 3018; x_wconf 77' lang='lat' dir='ltr'><strong>servamus,</strong></span> <span class='ocrx_word' id='word_1_228' title='bbox 624 2933 681 3000; x_wconf 83' lang='lat' dir='ltr'><strong>sed</strong></span> <span class='ocrx_word' id='word_1_229' title='bbox 702 2936 795 3000; x_wconf 76' lang='lat' dir='ltr'><strong>etiam</strong></span> <span class='ocrx_word' id='word_1_230' title='bbox 817 2948 963 3002; x_wconf 76' lang='lat' dir='ltr'><strong>aceeptus</strong></span> <span class='ocrx_word' id='word_1_231' title='bbox 974 2983 984 3018; x_wconf 88' lang='lat'><em>‚</em></span> <span class='ocrx_word' id='word_1_232' title='bbox 1006 2949 1041 3001; x_wconf 80' lang='lat' dir='ltr'><strong>at</strong></span> <span class='ocrx_word' id='word_1_233' title='bbox 1061 2937 1216 3023; x_wconf 76' lang='lat' dir='ltr'><strong>ealpfdas‘o</strong></span> 
     </span>
     <span class='ocr_line' id='line_1_26' title="bbox 115 3036 1217 3126; baseline 0.002 -24"><span class='ocrx_word' id='word_1_234' title='bbox 115 3039 263 3126; x_wconf 67' lang='lat' dir='ltr'><strong>calefacis</strong></span> <span class='ocrx_word' id='word_1_235' title='bbox 285 3038 455 3125; x_wconf 58' lang='lat' dir='ltr'><strong>culpant,</strong></span> <span class='ocrx_word' id='word_1_236' title='bbox 478 3036 633 3123; x_wconf 80' lang='lat' dir='ltr'><strong>tepefa&#39;ao&#39;o</strong></span> <span class='ocrx_word' id='word_1_237' title='bbox 655 3036 807 3123; x_wconf 76' lang='lat' dir='ltr'><strong>teppfdode</strong></span> <span class='ocrx_word' id='word_1_238' title='bbox 833 3038 1003 3124; x_wconf 64' lang='lat' dir='ltr'><strong>tepefecit:</strong></span> <span class='ocrx_word' id='word_1_239' title='bbox 1017 3039 1053 3103; x_wconf 80' lang='lat' dir='ltr'><strong>s&#39;a</strong></span> <span class='ocrx_word' id='word_1_240' title='bbox 1078 3038 1217 3104; x_wconf 81' lang='lat' dir='ltr'><strong>eeoanda</strong></span> 
     </span>
     <span class='ocr_line' id='line_1_27' title="bbox 116 3139 1217 3227; baseline 0.003 -23"><span class='ocrx_word' id='word_1_241' title='bbox 116 3144 192 3207; x_wconf 79' lang='lat' dir='ltr'><strong>euim</strong></span> <span class='ocrx_word' id='word_1_242' title='bbox 210 3155 250 3218; x_wconf 71' lang='lat' dir='ltr'><strong>,et</strong></span> <span class='ocrx_word' id='word_1_243' title='bbox 272 3141 366 3206; x_wconf 76' lang='lat' dir='ltr'><strong>tertia</strong></span> <span class='ocrx_word' id='word_1_244' title='bbox 389 3162 527 3227; x_wconf 75' lang='lat' dir='ltr'><strong>persam</strong></span> <span class='ocrx_word' id='word_1_245' title='bbox 550 3139 769 3225; x_wconf 76' lang='lat' dir='ltr'><strong>paenultimas</strong></span> <span class='ocrx_word' id='word_1_246' title='bbox 790 3141 952 3221; x_wconf 75' lang='lat' dir='ltr'><strong>acuimus,</strong></span> <span class='ocrx_word' id='word_1_247' title='bbox 975 3141 1119 3226; x_wconf 78' lang='lat' dir='ltr'><strong>quamar&#39;e</strong></span> <span class='ocrx_word' id='word_1_248' title='bbox 1144 3155 1217 3207; x_wconf 79' lang='lat' dir='ltr'><strong>eant</strong></span> 
     </span>
     <span class='ocr_line' id='line_1_28' title="bbox 115 3241 1216 3330; baseline 0.003 -24"><span class='ocrx_word' id='word_1_249' title='bbox 115 3242 234 3310; x_wconf 63' lang='lat' dir='ltr'><strong>brena.</strong></span> <span class='ocrx_word' id='word_1_250' title='bbox 250 3243 400 3309; x_wconf 56' lang='lat' dir='ltr'><strong>seniliter</strong></span> <span class='ocrx_word' id='word_1_251' title='bbox 424 3242 541 3326; x_wconf 75' lang='lat' dir='ltr'><strong>eolesio</strong></span> <span class='ocrx_word' id='word_1_252' title='bbox 568 3241 683 3327; x_wconf 66' lang='lat' dir='ltr'><strong>oalefte</strong></span> <span class='ocrx_word' id='word_1_253' title='bbox 708 3241 831 3328; x_wconf 65' lang='lat' dir='ltr'><strong>calefit,</strong></span> <span class='ocrx_word' id='word_1_254' title='bbox 858 3241 974 3330; x_wconf 70' lang='lat' dir='ltr'><strong>tepefio</strong></span> <span class='ocrx_word' id='word_1_255' title='bbox 1001 3242 1115 3328; x_wconf 72' lang='lat' dir='ltr'><strong>tepefio</strong></span> <span class='ocrx_word' id='word_1_256' title='bbox 1136 3255 1216 3329; x_wconf 80' lang='lat' dir='ltr'><strong>tepe-</strong></span> 
     </span>
     <span class='ocr_line' id='line_1_29' title="bbox 107 3343 1216 3433; baseline 0 -23"><span class='ocrx_word' id='word_1_257' title='bbox 107 3345 172 3430; x_wconf 80' lang='lat' dir='ltr'><strong>ftt‚</strong></span> <span class='ocrx_word' id='word_1_258' title='bbox 184 3346 308 3433; x_wconf 80' lang='lat' dir='ltr'><strong>finales</strong></span> <span class='ocrx_word' id='word_1_259' title='bbox 333 3358 459 3411; x_wconf 78' lang='lat' dir='ltr'><strong>seruant</strong></span> <span class='ocrx_word' id='word_1_260' title='bbox 485 3357 631 3410; x_wconf 74' lang='lat' dir='ltr'><strong>accentus</strong></span> <span class='ocrx_word' id='word_1_261' title='bbox 657 3345 692 3409; x_wconf 82' lang='lat' dir='ltr'><strong>r&#39;a</strong></span> <span class='ocrx_word' id='word_1_262' title='bbox 721 3343 860 3410; x_wconf 78' lang='lat' dir='ltr'><strong>secanda</strong></span> <span class='ocrx_word' id='word_1_263' title='bbox 887 3357 915 3410; x_wconf 85' lang='lat' dir='ltr'><strong>et</strong></span> <span class='ocrx_word' id='word_1_264' title='bbox 941 3345 1035 3410; x_wconf 77' lang='lat' dir='ltr'><strong>tertia</strong></span> <span class='ocrx_word' id='word_1_265' title='bbox 1058 3367 1216 3431; x_wconf 79' lang='lat' dir='ltr'><strong>persona,</strong></span> 
     </span>
     <span class='ocr_line' id='line_1_30' title="bbox 115 3445 1216 3534; baseline 0 -20"><span class='ocrx_word' id='word_1_266' title='bbox 115 3471 186 3533; x_wconf 83' lang='lat' dir='ltr'><strong>quos</strong></span> <span class='ocrx_word' id='word_1_267' title='bbox 209 3449 323 3514; x_wconf 71' lang='lat' dir='ltr'><strong>habero</strong></span> <span class='ocrx_word' id='word_1_268' title='bbox 340 3449 375 3512; x_wconf 64' lang='grc' dir='ltr'><strong>ἐπ</strong></span> <span class='ocrx_word' id='word_1_269' title='bbox 396 3447 614 3534; x_wconf 75' lang='lat' dir='ltr'><strong>ss&#39;rqpir&#39;ardas.</strong></span> <span class='ocrx_word' id='word_1_270' title='bbox 630 3445 713 3512; x_wconf 86' lang='lat' dir='ltr'><strong>huno</strong></span> <span class='ocrx_word' id='word_1_271' title='bbox 735 3446 833 3530; x_wconf 83' lang='lat' dir='ltr'><strong>igitur</strong></span> <span class='ocrx_word' id='word_1_272' title='bbox 849 3451 1012 3513; x_wconf 86' lang='lat' dir='ltr'><strong>enatarem</strong></span> <span class='ocrx_word' id='word_1_273' title='bbox 1035 3447 1089 3530; x_wconf 92' lang='lat' dir='ltr'><strong>qui</strong></span> <span class='ocrx_word' id='word_1_274' title='bbox 1104 3465 1216 3531; x_wconf 80' lang='lat' dir='ltr'><strong>seque·</strong></span> 
     </span>
    </p>
   </div>
   <div class='ocr_carea' id='block_1_5' title="bbox 9 3547 1216 3634">
    <p class='ocr_par' dir='ltr' id='par_1_5' title="bbox 9 3547 1216 3634">
     <span class='ocr_line' id='line_1_31' title="bbox 9 3547 1216 3634; baseline 0 -20"><span class='ocrx_word' id='word_1_275' title='bbox 9 3615 10 3624; x_wconf 18' lang='lat' dir='ltr'><strong>p</strong></span> <span class='ocrx_word' id='word_1_276' title='bbox 114 3555 180 3634; x_wconf 90' lang='lat' dir='ltr'><strong>tur,</strong></span> <span class='ocrx_word' id='word_1_277' title='bbox 199 3551 228 3616; x_wconf 92' lang='lat' dir='ltr'><strong>is</strong></span> <span class='ocrx_word' id='word_1_278' title='bbox 255 3555 342 3616; x_wconf 88' lang='lat' dir='ltr'><strong>oerte</strong></span> <span class='ocrx_word' id='word_1_279' title='bbox 368 3567 490 3615; x_wconf 88' lang='lat' dir='ltr'><strong>meram</strong></span> <span class='ocrx_word' id='word_1_280' title='bbox 521 3555 554 3614; x_wconf 90' lang='lat' dir='ltr'><strong>et</strong></span> <span class='ocrx_word' id='word_1_281' title='bbox 579 3549 745 3634; x_wconf 86' lang='lat' dir='ltr'><strong>propriam</strong></span> <span class='ocrx_word' id='word_1_282' title='bbox 772 3548 952 3616; x_wconf 87' lang='lat' dir='ltr'><strong>barbariem</strong></span> <span class='ocrx_word' id='word_1_283' title='bbox 979 3547 1121 3634; x_wconf 81' lang='lat' dir='ltr'><strong>deponet</strong></span> <span class='ocrx_word' id='word_1_284' title='bbox 1134 3571 1142 3615; x_wconf 75' lang='grc' dir='ltr'><strong><em>ε</em></strong></span> <span class='ocrx_word' id='word_1_285' title='bbox 1157 3547 1216 3616; x_wconf 92' lang='lat' dir='ltr'><strong>sed</strong></span> 
     </span>
    </p>
   </div>
   <div class='ocr_carea' id='block_1_6' title="bbox 114 3650 1217 4663">
    <p class='ocr_par' dir='ltr' id='par_1_6' title="bbox 114 3650 1217 4663">
     <span class='ocr_line' id='line_1_32' title="bbox 114 3650 1217 3737; baseline 0.004 -21"><span class='ocrx_word' id='word_1_286' title='bbox 114 3659 236 3718; x_wconf 77' lang='lat' dir='ltr'><strong>veteres</strong></span> <span class='ocrx_word' id='word_1_287' title='bbox 258 3652 305 3718; x_wconf 78' lang='lat' dir='ltr'><strong>ita</strong></span> <span class='ocrx_word' id='word_1_288' title='bbox 325 3651 467 3734; x_wconf 78' lang='lat' dir='ltr'><strong>dixisse,</strong></span> <span class='ocrx_word' id='word_1_289' title='bbox 484 3651 600 3737; x_wconf 53' lang='lat' dir='ltr'><strong>came</strong></span> <span class='ocrx_word' id='word_1_290' title='bbox 615 3657 647 3717; x_wconf 91' lang='lat' dir='ltr'><strong>et</strong></span> <span class='ocrx_word' id='word_1_291' title='bbox 665 3651 794 3737; x_wconf 68' lang='lat' dir='ltr'><strong>calefit,</strong></span> <span class='ocrx_word' id='word_1_292' title='bbox 810 3671 876 3717; x_wconf 91' lang='lat' dir='ltr'><strong>non</strong></span> <span class='ocrx_word' id='word_1_293' title='bbox 890 3650 999 3718; x_wconf 87' lang='lat' dir='ltr'><strong>erodet</strong></span> <span class='ocrx_word' id='word_1_294' title='bbox 1014 3651 1069 3735; x_wconf 93' lang='lat' dir='ltr'><strong>qui</strong></span> <span class='ocrx_word' id='word_1_295' title='bbox 1084 3651 1217 3735; x_wconf 82' lang='lat' dir='ltr'><strong>linguae</strong></span> 
     </span>
     <span class='ocr_line' id='line_1_33' title="bbox 114 3751 1216 3837; baseline 0 -16"><span class='ocrx_word' id='word_1_296' title='bbox 114 3751 246 3821; x_wconf 73' lang='lat' dir='ltr'><strong>hednae</strong></span> <span class='ocrx_word' id='word_1_297' title='bbox 271 3753 508 3820; x_wconf 74' lang='lat' dir='ltr'><strong>vicissitudines</strong></span> <span class='ocrx_word' id='word_1_298' title='bbox 535 3752 789 3818; x_wconf 85' lang='lat' dir='ltr'><strong>oonsidereverit</strong></span> <span class='ocrx_word' id='word_1_299' title='bbox 808 3801 817 3818; x_wconf 96' lang='lat'><strong>.</strong></span> <span class='ocrx_word' id='word_1_300' title='bbox 838 3753 945 3837; x_wconf 81' lang='lat' dir='ltr'><strong>itaque</strong></span> <span class='ocrx_word' id='word_1_301' title='bbox 968 3773 1039 3820; x_wconf 88' lang='lat' dir='ltr'><strong>oum</strong></span> <span class='ocrx_word' id='word_1_302' title='bbox 1067 3754 1112 3820; x_wconf 87' lang='lat' dir='ltr'><strong>ad</strong></span> <span class='ocrx_word' id='word_1_303' title='bbox 1133 3755 1216 3821; x_wconf 87' lang='lat' dir='ltr'><strong>Pris-</strong></span> 
     </span>
     <span class='ocr_line' id='line_1_34' title="bbox 115 3855 1216 3943; baseline 0.004 -23"><span class='ocrx_word' id='word_1_304' title='bbox 115 3856 195 3922; x_wconf 79' lang='lat' dir='ltr'><strong>ciani</strong></span> <span class='ocrx_word' id='word_1_305' title='bbox 218 3861 359 3923; x_wconf 83' lang='lat' dir='ltr'><strong>aetutem</strong></span> <span class='ocrx_word' id='word_1_306' title='bbox 380 3861 504 3941; x_wconf 84' lang='lat' dir='ltr'><strong>partem</strong></span> <span class='ocrx_word' id='word_1_307' title='bbox 528 3861 636 3921; x_wconf 60' lang='lat' dir='ltr'><strong>umen</strong></span> <span class='ocrx_word' id='word_1_308' title='bbox 658 3855 726 3921; x_wconf 88' lang='lat' dir='ltr'><strong>veri</strong></span> <span class='ocrx_word' id='word_1_309' title='bbox 748 3856 937 3940; x_wconf 85' lang='lat' dir='ltr'><strong>pervenisse</strong></span> <span class='ocrx_word' id='word_1_310' title='bbox 963 3856 1216 3943; x_wconf 70' lang='lat' dir='ltr'><strong>pronuntiarit,</strong></span> 
     </span>
     <span class='ocr_line' id='line_1_35' title="bbox 115 3955 1217 4041; baseline 0.005 -19"><span class='ocrx_word' id='word_1_311' title='bbox 115 3958 186 4024; x_wconf 87' lang='lat' dir='ltr'><strong>nihi</strong></span> <span class='ocrx_word' id='word_1_312' title='bbox 208 3959 290 4026; x_wconf 86' lang='lat' dir='ltr'><strong>setis</strong></span> <span class='ocrx_word' id='word_1_313' title='bbox 312 3965 432 4024; x_wconf 88' lang='lat' dir='ltr'><strong>eertum</strong></span> <span class='ocrx_word' id='word_1_314' title='bbox 457 3955 584 4024; x_wconf 85' lang='lat' dir='ltr'><strong>videtur</strong></span> <span class='ocrx_word' id='word_1_315' title='bbox 608 3964 735 4040; x_wconf 84' lang='lat' dir='ltr'><strong>veteres</strong></span> <span class='ocrx_word' id='word_1_316' title='bbox 763 3957 857 4024; x_wconf 91' lang='lat' dir='ltr'><strong>huius</strong></span> <span class='ocrx_word' id='word_1_317' title='bbox 880 3959 1009 4041; x_wconf 81' lang='lat' dir='ltr'><strong>generis</strong></span> <span class='ocrx_word' id='word_1_318' title='bbox 1036 3959 1145 4028; x_wconf 83' lang='lat' dir='ltr'><strong>verbis</strong></span> <span class='ocrx_word' id='word_1_319' title='bbox 1166 3961 1217 4028; x_wconf 85' lang='lat' dir='ltr'><strong>bis</strong></span> 
     </span>
     <span class='ocr_line' id='line_1_36' title="bbox 115 4059 1217 4149; baseline 0.004 -23"><span class='ocrx_word' id='word_1_320' title='bbox 115 4061 311 4146; x_wconf 67' lang='lat' dir='ltr'><strong>eminuisse,</strong></span> <span class='ocrx_word' id='word_1_321' title='bbox 334 4069 370 4128; x_wconf 90' lang='lat' dir='ltr'><strong>ut</strong></span> <span class='ocrx_word' id='word_1_322' title='bbox 390 4059 536 4127; x_wconf 90' lang='lat' dir='ltr'><strong>dioereut</strong></span> <span class='ocrx_word' id='word_1_323' title='bbox 555 4060 625 4128; x_wconf 80' lang='lat' dir='ltr'><strong>edla</strong></span> <span class='ocrx_word' id='word_1_324' title='bbox 636 4061 693 4148; x_wconf 69' lang='lat' dir='ltr'><strong>fta</strong></span> <span class='ocrx_word' id='word_1_325' title='bbox 719 4067 751 4126; x_wconf 93' lang='lat' dir='ltr'><strong>et</strong></span> <span class='ocrx_word' id='word_1_326' title='bbox 772 4061 840 4127; x_wconf 78' lang='lat' dir='ltr'><strong>odie</strong></span> <span class='ocrx_word' id='word_1_327' title='bbox 854 4061 964 4148; x_wconf 72' lang='lat' dir='ltr'><strong>faosi.</strong></span> <span class='ocrx_word' id='word_1_328' title='bbox 980 4061 1015 4126; x_wconf 91' lang='lat' dir='ltr'><strong>in</strong></span> <span class='ocrx_word' id='word_1_329' title='bbox 1037 4063 1217 4149; x_wconf 80' lang='lat' dir='ltr'><strong>participiis</strong></span> 
     </span>
     <span class='ocr_line' id='line_1_37' title="bbox 115 4161 1216 4251; baseline 0.004 -24"><span class='ocrx_word' id='word_1_330' title='bbox 115 4167 217 4230; x_wconf 85' lang='lat' dir='ltr'><strong>temen</strong></span> <span class='ocrx_word' id='word_1_331' title='bbox 240 4163 324 4230; x_wconf 88' lang='lat' dir='ltr'><strong>huna</strong></span> <span class='ocrx_word' id='word_1_332' title='bbox 350 4161 512 4250; x_wconf 90' lang='lat' dir='ltr'><strong>duplieem</strong></span> <span class='ocrx_word' id='word_1_333' title='bbox 542 4169 708 4230; x_wconf 73' lang='lat' dir='ltr'><strong>noeentum</strong></span> <span class='ocrx_word' id='word_1_334' title='bbox 730 4163 834 4229; x_wconf 90' lang='lat' dir='ltr'><strong>loaum</strong></span> <span class='ocrx_word' id='word_1_335' title='bbox 857 4163 1008 4231; x_wconf 83' lang='lat' dir='ltr'><strong>habuisse</strong></span> <span class='ocrx_word' id='word_1_336' title='bbox 1030 4183 1095 4230; x_wconf 92' lang='lat' dir='ltr'><strong>non</strong></span> <span class='ocrx_word' id='word_1_337' title='bbox 1117 4174 1216 4251; x_wconf 89' lang='lat' dir='ltr'><strong>puto:</strong></span> 
     </span>
     <span class='ocr_line' id='line_1_38' title="bbox 116 4265 1217 4356; baseline 0.004 -25"><span class='ocrx_word' id='word_1_338' title='bbox 116 4283 187 4331; x_wconf 74' lang='lat' dir='ltr'><strong>tiam</strong></span> <span class='ocrx_word' id='word_1_339' title='bbox 206 4285 311 4352; x_wconf 86' lang='lat' dir='ltr'><strong>neque</strong></span> <span class='ocrx_word' id='word_1_340' title='bbox 332 4285 469 4352; x_wconf 76' lang='lat' dir='ltr'><strong>usquam</strong></span> <span class='ocrx_word' id='word_1_341' title='bbox 489 4266 554 4350; x_wconf 83' lang='lat' dir='ltr'><strong>legi</strong></span> <span class='ocrx_word' id='word_1_342' title='bbox 576 4277 767 4352; x_wconf 68' lang='lat' dir='ltr'><strong>maerentque</strong></span> <span class='ocrx_word' id='word_1_343' title='bbox 778 4265 1031 4353; x_wconf 84' lang='lat' dir='ltr'><strong>saetam‚ser·ue</strong></span> <span class='ocrx_word' id='word_1_344' title='bbox 1053 4269 1127 4334; x_wconf 78' lang='lat' dir='ltr'><strong>hene</strong></span> <span class='ocrx_word' id='word_1_345' title='bbox 1139 4269 1217 4356; x_wconf 86' lang='lat' dir='ltr'><strong>fao-</strong></span> 
     </span>
     <span class='ocr_line' id='line_1_39' title="bbox 116 4367 1217 4454; baseline 0.004 -23"><span class='ocrx_word' id='word_1_346' title='bbox 116 4369 330 4454; x_wconf 81' lang='lat' dir='ltr'><strong>tum‚factam</strong></span> <span class='ocrx_word' id='word_1_347' title='bbox 351 4393 427 4454; x_wconf 79' lang='lat' dir='ltr'><strong>aro,</strong></span> <span class='ocrx_word' id='word_1_348' title='bbox 448 4375 481 4435; x_wconf 92' lang='lat' dir='ltr'><strong>et</strong></span> <span class='ocrx_word' id='word_1_349' title='bbox 502 4388 543 4435; x_wconf 90' lang='lat' dir='ltr'><strong>ea</strong></span> <span class='ocrx_word' id='word_1_350' title='bbox 561 4387 645 4454; x_wconf 88' lang='lat' dir='ltr'><strong>quae</strong></span> <span class='ocrx_word' id='word_1_351' title='bbox 664 4367 826 4434; x_wconf 71' lang='lat' dir='ltr'><strong>duuaatis</strong></span> <span class='ocrx_word' id='word_1_352' title='bbox 846 4369 1012 4436; x_wconf 77' lang='lat' dir='ltr'><strong>vocabulis</strong></span> <span class='ocrx_word' id='word_1_353' title='bbox 1033 4371 1130 4438; x_wconf 91' lang='lat' dir='ltr'><strong>saribi</strong></span> <span class='ocrx_word' id='word_1_354' title='bbox 1153 4391 1217 4436; x_wconf 91' lang='lat' dir='ltr'><strong>uon</strong></span> 
     </span>
     <span class='ocr_line' id='line_1_40' title="bbox 116 4471 1217 4560; baseline 0.003 -24"><span class='ocrx_word' id='word_1_355' title='bbox 116 4477 267 4556; x_wconf 66' lang='lat' dir='ltr'><strong>mount,</strong></span> <span class='ocrx_word' id='word_1_356' title='bbox 293 4471 405 4556; x_wconf 81' lang='lat' dir='ltr'><strong>qualia</strong></span> <span class='ocrx_word' id='word_1_357' title='bbox 438 4477 538 4553; x_wconf 83' lang='lat' dir='ltr'><strong>sunt,</strong></span> <span class='ocrx_word' id='word_1_358' title='bbox 563 4471 797 4558; x_wconf 64' lang='lat' dir='ltr'><strong>inlabefacta,</strong></span> <span class='ocrx_word' id='word_1_359' title='bbox 824 4471 1016 4560; x_wconf 61' lang='lat' dir='ltr'><strong>labrp‘aotare</strong></span> <span class='ocrx_word' id='word_1_360' title='bbox 1029 4523 1039 4555; x_wconf 91' lang='lat'><strong><em>,</em></strong></span> <span class='ocrx_word' id='word_1_361' title='bbox 1054 4473 1217 4560; x_wconf 79' lang='lat' dir='ltr'><strong>frs&#39;qefae·</strong></span> 
     </span>
     <span class='ocr_line' id='line_1_41' title="bbox 117 4573 1216 4663; baseline 0.004 -25"><span class='ocrx_word' id='word_1_362' title='bbox 117 4582 198 4658; x_wconf 81' lang='lat' dir='ltr'><strong>tare,</strong></span> <span class='ocrx_word' id='word_1_363' title='bbox 214 4593 277 4658; x_wconf 92' lang='lat' dir='ltr'><strong>quo</strong></span> <span class='ocrx_word' id='word_1_364' title='bbox 293 4575 427 4642; x_wconf 87' lang='lat' dir='ltr'><strong>Plautus</strong></span> <span class='ocrx_word' id='word_1_365' title='bbox 449 4573 593 4640; x_wconf 87' lang='lat' dir='ltr'><strong>bisaeus</strong></span> <span class='ocrx_word' id='word_1_366' title='bbox 616 4579 684 4660; x_wconf 87' lang='lat' dir='ltr'><strong>est,</strong></span> <span class='ocrx_word' id='word_1_367' title='bbox 701 4573 912 4663; x_wconf 72' lang='lat' dir='ltr'><strong>oalp‘aotare,</strong></span> <span class='ocrx_word' id='word_1_368' title='bbox 929 4575 1005 4641; x_wconf 88' lang='lat' dir='ltr'><strong>item</strong></span> <span class='ocrx_word' id='word_1_369' title='bbox 1024 4576 1216 4662; x_wconf 72' lang='lat' dir='ltr'><strong>patefactio,</strong></span> 
     </span>
    </p>
   </div>
   <div class='ocr_carea' id='block_1_7' title="bbox 0 0 1530 5150">
    <p class='ocr_par' dir='ltr' id='par_1_7' title="bbox 0 0 1530 5150">
     <span class='ocr_line' id='line_1_42' title="bbox 0 0 1530 5150; baseline 0 0"><span class='ocrx_word' id='word_1_370' title='bbox 0 0 1530 5150; x_wconf 95' lang='lat' dir='ltr'><strong> </strong></span> 
     </span>
    </p>
   </div>
  </div>
 </body>
</html>
