3052 5144
587 465 617 532 11

63 646 89 705 et
107 659 154 706 res
174 638 315 724 progigni
338 644 370 706 et
390 637 516 740 genitas
530 655 743 725 procrescere
765 655 881 722 posse.

62 773 123 820 esse
142 753 231 834 igitur
251 773 369 836 genere
390 754 424 818 iu
446 754 559 837 quovis
580 752 755 839 primordia
776 771 878 815 rerum

63 868 169 933 infinita
190 867 292 952 palam
314 875 382 944 est,
398 867 483 934 uude
506 869 612 934 omnia
635 866 897 952 suppeditantur.

94 983 154 1048 Neo
174 1003 320 1068 superare
342 989 460 1066 queunt
481 988 584 1048 motus
606 983 715 1064 itaque
738 981 882 1047 exitiales

26 1117 44 1161 :o
64 1103 195 1181 perpetuo
217 1117 319 1181 neque
342 1099 373 1163 in
396 1105 558 1164 aeternum
581 1097 717 1181 sepelire
736 1096 899 1192 salutem,

63 1230 110 1276 nec
128 1233 215 1297 porro
237 1233 342 1279 rerum
364 1213 522 1294 genitales
545 1211 745 1294 auctificique

63 1333 148 1393 motus
168 1335 319 1413 perpetuo
341 1333 474 1412 possunt
495 1345 624 1392 servare
647 1331 775 1390 creata.

62 1441 99 1505 sio
117 1462 211 1525 aequo
233 1443 352 1524 geritur
374 1443 547 1508 certamine
570 1441 796 1526 principiorum

62 1573 93 1618 ex
113 1557 224 1624 infinito
246 1563 441 1624 contractum
462 1563 606 1641 tempore
629 1556 768 1620 bellurn.

25 1687 44 1732 u
64 1689 132 1735 nuno
152 1671 199 1737 hic
220 1693 304 1738 nunc
326 1671 391 1736 iilic
413 1677 565 1756 superant
587 1670 698 1735 vitalia
720 1691 844 1755 remum,

65 1791 90 1847 et
108 1795 287 1871 superantur
309 1787 406 1851 item.
423 1786 572 1851 miscetur
593 1785 702 1851 irruere
725 1806 844 1870 vagor,

64 1919 139 1980 quem
158 1902 245 1985 pueri
267 1901 385 1966 tollunt
406 1901 537 1966 visentis
560 1901 686 1965 luminis
709 1919 804 1964 oras:

64 2033 111 2079 noc
130 2035 186 2080 uox
207 2017 273 2081 ulla
298 2015 382 2082 diem
406 2034 510 2098 neque
533 2023 657 2081 noctem
681 2035 799 2080 aurora
820 2017 977 2088 secutast,

66 2147 130 2208 quae
150 2149 207 2195 uon
231 2131 369 2195 audierit
390 2131 506 2196 mixtos
527 2131 686 2212 vagitibus
709 2129 816 2211 aegris

26 2260 50 2301 so
68 2241 202 2328 ploratus,
218 2245 332 2310 mortis
353 2245 485 2311 comites
508 2251 540 2311 et
561 2243 679 2310 urnam
702 2244 780 2308 atri.

96 2355 164 2422 iilud
184 2360 215 2423 in
238 2359 290 2424 his
312 2359 515 2442 obsignatum
539 2377 664 2441 quoque
687 2359 780 2423 rebus
802 2358 921 2422 habere

64 2475 188 2538 convenit
209 2483 241 2540 et
262 2475 396 2538 memori
419 2473 602 2538 mandatum
624 2481 729 2538 mente
752 2481 881 2555 tenere,

65 2585 100 2648 nil
119 2607 200 2667 esse,
215 2592 248 2654 iu
271 2595 420 2675 promptu
442 2609 575 2671 quorum
597 2597 709 2652 natura
731 2587 873 2662 videtur,

65 2708 133 2781 quod
153 2724 268 2785 genere
292 2725 333 2769 ex
355 2723 417 2768 uno
440 2704 593 2769 consistat
615 2703 861 2788 principiorum,

24 2833 45 2878 so
65 2820 294 2902 necquicquam
319 2820 403 2902 quod
426 2839 489 2884 non
513 2818 669 2903 permixto
692 2817 812 2882 semiue
836 2821 977 2880 constet:

63 2933 181 3014 siquod
202 2953 339 3017 cumque
361 2935 466 3015 magis
488 2933 536 2998 vis
558 2933 673 2996 multas
695 2931 839 3017 possidet
859 2930 893 2993 in
915 2947 950 2992 se

62 3053 142 3128 atque
161 3055 356 3133 potestates,
372 3048 417 3111 ita
438 3049 576 3132 piurima
598 3047 823 3133 principiorum

62 3159 87 3222 in
106 3180 171 3228 sese
192 3183 315 3246 genera
337 3183 374 3228 ao
396 3164 503 3228 varias
526 3163 620 3228 docet
642 3179 714 3226 esse
737 3161 873 3241 figuras.

63 3275 198 3361 principio
220 3277 317 3343 tellus
338 3276 436 3342 habet
458 3277 490 3341 in
513 3295 548 3342 se
570 3293 705 3359 corpora
726 3275 849 3359 prima,

24 3401 45 3446 oo
64 3389 133 3454 unde
152 3411 238 3457 mare
261 3393 440 3456 inmensum
462 3389 626 3454 volventes
649 3387 770 3470 frigora
793 3387 897 3451 fontes

62 3501 178 3570 adsidue
199 3511 374 3586 renovent,
392 3505 489 3569 habet
510 3504 601 3586 ignes
623 3502 707 3565 unde
730 3500 890 3566 oriantur:

64 3635 123 3679 nam
143 3620 247 3684 multis
270 3637 426 3685 succensa
447 3617 527 3682 locis
550 3615 662 3681 ardent
683 3615 754 3680 sota
774 3620 898 3698 terrae,

63 3729 171 3797 eximiis
191 3753 266 3798 vero
289 3733 364 3797 sirit
386 3733 514 3815 ignibus
536 3731 671 3814 impetus
693 3730 836 3794 Aetnae:

62 3849 115 3906 tum
134 3867 226 3930 porro
248 3845 368 3912 nitidas
391 3846 499 3928 fruges
521 3847 716 3926 arbustaque
737 3844 825 3908 laeta

24 3969 44 4016 u
63 3961 192 4038 gentibus
213 3962 362 4027 humanis
384 3962 481 4026 habet
501 3959 585 4024 uude
608 3958 760 4024 extollere
782 3957 903 4041 possit,

64 4071 134 4137 unde
154 4077 248 4141 etiarn
270 4075 383 4141 fluvios
405 4074 536 4141 frondes
560 4080 591 4139 et
612 4073 733 4159 pabula
754 4073 840 4136 laeta

64 4188 229 4274 montivago
252 4190 363 4274 generi
384 4189 486 4276 possit
506 4189 664 4274 praebere
686 4186 845 4251 serarum.

67 4339 247 4354 Ὴ--κι-

67 4427 108 4476 586
125 4427 268 4500 Eiquactt
288 4431 472 4483 seanxium
