<?xml version="1.0" encoding="UTF-8"?>
<!DOCTYPE html PUBLIC "-//W3C//DTD XHTML 1.0 Transitional//EN"
    "http://www.w3.org/TR/xhtml1/DTD/xhtml1-transitional.dtd">
<html xmlns="http://www.w3.org/1999/xhtml" xml:lang="en" lang="en">
 <head>
  <title>
</title>
<meta http-equiv="Content-Type" content="text/html;charset=utf-8" />
  <meta name='ocr-system' content='tesseract 3.04.00' />
  <meta name='ocr-capabilities' content='ocr_page ocr_carea ocr_par ocr_line ocrx_word'/>
</head>
<body>
  <div class='ocr_page' id='page_1' title='image "./tlucreticarider24carugoog_0237.png"; bbox 0 0 2996 5148; ppageno 0'>
   <div class='ocr_carea' id='block_1_1' title="bbox 299 433 884 506">
    <p class='ocr_par' dir='ltr' id='par_1_1' title="bbox 299 433 884 506">
     <span class='ocr_line' id='line_1_1' title="bbox 299 433 884 506; baseline -0.014 0"><span class='ocrx_word' id='word_1_1' title='bbox 299 442 362 506; x_wconf 78' lang='lat'><strong>234</strong></span> <span class='ocrx_word' id='word_1_2' title='bbox 841 433 884 499; x_wconf 87' lang='lat' dir='ltr'><strong>VI</strong></span> 
     </span>
    </p>
   </div>
   <div class='ocr_carea' id='block_1_2' title="bbox 180 603 1316 4003">
    <p class='ocr_par' dir='ltr' id='par_1_2' title="bbox 180 603 1316 4003">
     <span class='ocr_line' id='line_1_2' title="bbox 298 603 1109 688; baseline -0.005 -16"><span class='ocrx_word' id='word_1_3' title='bbox 298 613 330 672; x_wconf 88' lang='lat' dir='ltr'><strong>ot</strong></span> <span class='ocrx_word' id='word_1_4' title='bbox 352 603 442 688; x_wconf 81' lang='lat' dir='ltr'><strong>quasi</strong></span> <span class='ocrx_word' id='word_1_5' title='bbox 466 604 662 687; x_wconf 73' lang='lat' dir='ltr'><strong>concrescit,</strong></span> <span class='ocrx_word' id='word_1_6' title='bbox 679 603 732 678; x_wconf 80' lang='lat' dir='ltr'><strong>fit,</strong></span> <span class='ocrx_word' id='word_1_7' title='bbox 749 603 888 688; x_wconf 85' lang='lat' dir='ltr'><strong>scilicet,</strong></span> <span class='ocrx_word' id='word_1_8' title='bbox 905 611 940 668; x_wconf 92' lang='lat' dir='ltr'><strong>ut</strong></span> <span class='ocrx_word' id='word_1_9' title='bbox 964 605 1109 672; x_wconf 66' lang='lat' dir='ltr'><strong>coeundo</strong></span> 
     </span>
     <span class='ocr_line' id='line_1_3' title="bbox 296 718 1195 804; baseline -0.003 -18"><span class='ocrx_word' id='word_1_10' title='bbox 296 721 454 804; x_wconf 78' lang='lat' dir='ltr'><strong>exprimat</strong></span> <span class='ocrx_word' id='word_1_11' title='bbox 475 719 507 782; x_wconf 91' lang='lat' dir='ltr'><strong>io</strong></span> <span class='ocrx_word' id='word_1_12' title='bbox 531 723 645 802; x_wconf 90' lang='lat' dir='ltr'><strong>puteos</strong></span> <span class='ocrx_word' id='word_1_13' title='bbox 669 718 694 783; x_wconf 88' lang='lat' dir='ltr'><strong>si</strong></span> <span class='ocrx_word' id='word_1_14' title='bbox 719 737 814 799; x_wconf 89' lang='lat' dir='ltr'><strong>quern</strong></span> <span class='ocrx_word' id='word_1_15' title='bbox 836 720 919 802; x_wconf 81' lang='lat' dir='ltr'><strong>gerit</strong></span> <span class='ocrx_word' id='word_1_16' title='bbox 940 721 1012 803; x_wconf 84' lang='lat' dir='ltr'><strong>ipss</strong></span> <span class='ocrx_word' id='word_1_17' title='bbox 1035 719 1195 784; x_wconf 84' lang='lat' dir='ltr'><strong>colorem.</strong></span> 
     </span>
     <span class='ocr_line' id='line_1_4' title="bbox 338 831 1197 916; baseline -0.002 -16"><span class='ocrx_word' id='word_1_18' title='bbox 338 836 417 900; x_wconf 84' lang='lat' dir='ltr'><strong>Esse</strong></span> <span class='ocrx_word' id='word_1_19' title='bbox 440 833 527 916; x_wconf 83' lang='lat' dir='ltr'><strong>apud</strong></span> <span class='ocrx_word' id='word_1_20' title='bbox 549 833 738 897; x_wconf 83' lang='lat' dir='ltr'><strong>Hammonis</strong></span> <span class='ocrx_word' id='word_1_21' title='bbox 760 831 870 896; x_wconf 87' lang='lat' dir='ltr'><strong>fenum</strong></span> <span class='ocrx_word' id='word_1_22' title='bbox 893 833 966 899; x_wconf 91' lang='lat' dir='ltr'><strong>fons</strong></span> <span class='ocrx_word' id='word_1_23' title='bbox 988 835 1059 900; x_wconf 90' lang='lat' dir='ltr'><strong>lnce</strong></span> <span class='ocrx_word' id='word_1_24' title='bbox 1082 833 1197 899; x_wconf 90' lang='lat' dir='ltr'><strong>diurne</strong></span> 
     </span>
     <span class='ocr_line' id='line_1_5' title="bbox 297 947 1117 1032; baseline -0.002 -18"><span class='ocrx_word' id='word_1_25' title='bbox 297 948 432 1031; x_wconf 86' lang='lat' dir='ltr'><strong>frigidus</strong></span> <span class='ocrx_word' id='word_1_26' title='bbox 455 955 486 1013; x_wconf 89' lang='lat' dir='ltr'><strong>et</strong></span> <span class='ocrx_word' id='word_1_27' title='bbox 508 947 632 1014; x_wconf 87' lang='lat' dir='ltr'><strong>calidus</strong></span> <span class='ocrx_word' id='word_1_28' title='bbox 654 953 807 1012; x_wconf 88' lang='lat' dir='ltr'><strong>nocturno</strong></span> <span class='ocrx_word' id='word_1_29' title='bbox 831 955 977 1032; x_wconf 89' lang='lat' dir='ltr'><strong>tempore</strong></span> <span class='ocrx_word' id='word_1_30' title='bbox 999 948 1117 1014; x_wconf 83' lang='lat' dir='ltr'><strong>fertur.</strong></span> 
     </span>
     <span class='ocr_line' id='line_1_6' title="bbox 180 1061 1173 1132; baseline -0.002 -2"><span class='ocrx_word' id='word_1_31' title='bbox 180 1061 197 1102; x_wconf 52' lang='lat'><strong>⁸</strong></span> <span class='ocrx_word' id='word_1_32' title='bbox 223 1087 274 1132; x_wconf 77' lang='lat' dir='ltr'><strong>eso</strong></span> <span class='ocrx_word' id='word_1_33' title='bbox 299 1067 383 1128; x_wconf 90' lang='lat' dir='ltr'><strong>huuc</strong></span> <span class='ocrx_word' id='word_1_34' title='bbox 405 1062 551 1128; x_wconf 88' lang='lat' dir='ltr'><strong>homines</strong></span> <span class='ocrx_word' id='word_1_35' title='bbox 573 1063 690 1126; x_wconf 90' lang='lat' dir='ltr'><strong>fontem</strong></span> <span class='ocrx_word' id='word_1_36' title='bbox 715 1061 810 1126; x_wconf 89' lang='lat' dir='ltr'><strong>nimis</strong></span> <span class='ocrx_word' id='word_1_37' title='bbox 832 1062 1030 1128; x_wconf 81' lang='lat' dir='ltr'><strong>admirantur</strong></span> <span class='ocrx_word' id='word_1_38' title='bbox 1052 1071 1084 1130; x_wconf 86' lang='lat' dir='ltr'><strong>et</strong></span> <span class='ocrx_word' id='word_1_39' title='bbox 1105 1066 1173 1130; x_wconf 84' lang='lat' dir='ltr'><strong>scri</strong></span> 
     </span>
     <span class='ocr_line' id='line_1_7' title="bbox 298 1175 1119 1264; baseline 0 -20"><span class='ocrx_word' id='word_1_40' title='bbox 298 1179 365 1244; x_wconf 89' lang='lat' dir='ltr'><strong>soie</strong></span> <span class='ocrx_word' id='word_1_41' title='bbox 387 1183 501 1262; x_wconf 82' lang='lat' dir='ltr'><strong>putant</strong></span> <span class='ocrx_word' id='word_1_42' title='bbox 523 1183 632 1260; x_wconf 81' lang='lat' dir='ltr'><strong>supter</strong></span> <span class='ocrx_word' id='word_1_43' title='bbox 653 1183 757 1242; x_wconf 82' lang='lat' dir='ltr'><strong>terras</strong></span> <span class='ocrx_word' id='word_1_44' title='bbox 779 1175 959 1244; x_wconf 78' lang='lat' dir='ltr'><strong>fervescere</strong></span> <span class='ocrx_word' id='word_1_45' title='bbox 981 1179 1119 1264; x_wconf 83' lang='lat' dir='ltr'><strong>raptim,</strong></span> 
     </span>
     <span class='ocr_line' id='line_1_8' title="bbox 299 1291 998 1378; baseline -0.001 -20"><span class='ocrx_word' id='word_1_46' title='bbox 299 1314 362 1358; x_wconf 83' lang='lat' dir='ltr'><strong>uox</strong></span> <span class='ocrx_word' id='word_1_47' title='bbox 385 1291 440 1356; x_wconf 93' lang='lat' dir='ltr'><strong>ubi</strong></span> <span class='ocrx_word' id='word_1_48' title='bbox 462 1292 595 1356; x_wconf 86' lang='lat' dir='ltr'><strong>terribili</strong></span> <span class='ocrx_word' id='word_1_49' title='bbox 618 1297 719 1357; x_wconf 85' lang='lat' dir='ltr'><strong>terres</strong></span> <span class='ocrx_word' id='word_1_50' title='bbox 741 1293 879 1378; x_wconf 79' lang='lat' dir='ltr'><strong>caligine</strong></span> <span class='ocrx_word' id='word_1_51' title='bbox 901 1295 998 1358; x_wconf 83' lang='lat' dir='ltr'><strong>terit.</strong></span> 
     </span>
     <span class='ocr_line' id='line_1_9' title="bbox 297 1406 1132 1492; baseline 0 -20"><span class='ocrx_word' id='word_1_52' title='bbox 297 1406 382 1490; x_wconf 91' lang='lat' dir='ltr'><strong>quod</strong></span> <span class='ocrx_word' id='word_1_53' title='bbox 406 1407 500 1472; x_wconf 88' lang='lat' dir='ltr'><strong>nimis</strong></span> <span class='ocrx_word' id='word_1_54' title='bbox 521 1427 542 1470; x_wconf 86' lang='lat' dir='ltr'>a</span> <span class='ocrx_word' id='word_1_55' title='bbox 564 1413 670 1472; x_wconf 81' lang='lat' dir='ltr'><strong>vernet</strong></span> <span class='ocrx_word' id='word_1_56' title='bbox 690 1406 787 1492; x_wconf 84' lang='lat' dir='ltr'><strong>longe</strong></span> <span class='ocrx_word' id='word_1_57' title='bbox 812 1407 935 1474; x_wconf 81' lang='lat' dir='ltr'><strong>ratione</strong></span> <span class='ocrx_word' id='word_1_58' title='bbox 956 1415 1132 1474; x_wconf 91' lang='lat' dir='ltr'><strong>remotum:</strong></span> 
     </span>
     <span class='ocr_line' id='line_1_10' title="bbox 297 1521 1198 1608; baseline 0.001 -21"><span class='ocrx_word' id='word_1_59' title='bbox 297 1524 434 1608; x_wconf 84' lang='lat' dir='ltr'><strong>quippe,</strong></span> <span class='ocrx_word' id='word_1_60' title='bbox 451 1523 502 1586; x_wconf 89' lang='lat' dir='ltr'><strong>ubi</strong></span> <span class='ocrx_word' id='word_1_61' title='bbox 528 1521 575 1586; x_wconf 88' lang='lat' dir='ltr'><strong>soi</strong></span> <span class='ocrx_word' id='word_1_62' title='bbox 599 1522 718 1586; x_wconf 92' lang='lat' dir='ltr'><strong>nudum</strong></span> <span class='ocrx_word' id='word_1_63' title='bbox 743 1529 944 1588; x_wconf 77' lang='lat' dir='ltr'><strong>contrectans</strong></span> <span class='ocrx_word' id='word_1_64' title='bbox 966 1543 1082 1608; x_wconf 90' lang='lat' dir='ltr'><strong>corpus</strong></span> <span class='ocrx_word' id='word_1_65' title='bbox 1101 1525 1198 1606; x_wconf 83' lang='lat' dir='ltr'><strong>cquni</strong></span> 
     </span>
     <span class='ocr_line' id='line_1_11' title="bbox 222 1635 1158 1725; baseline -0.002 -18"><span class='ocrx_word' id='word_1_66' title='bbox 222 1661 272 1707; x_wconf 78' lang='lat' dir='ltr'><strong>sss</strong></span> <span class='ocrx_word' id='word_1_67' title='bbox 298 1659 360 1704; x_wconf 91' lang='lat' dir='ltr'><strong>non</strong></span> <span class='ocrx_word' id='word_1_68' title='bbox 387 1637 502 1719; x_wconf 86' lang='lat' dir='ltr'><strong>quierit</strong></span> <span class='ocrx_word' id='word_1_69' title='bbox 524 1635 663 1700; x_wconf 81' lang='lat' dir='ltr'><strong>calidum</strong></span> <span class='ocrx_word' id='word_1_70' title='bbox 686 1657 806 1722; x_wconf 81' lang='lat' dir='ltr'><strong>supera</strong></span> <span class='ocrx_word' id='word_1_71' title='bbox 827 1637 867 1702; x_wconf 91' lang='lat' dir='ltr'><strong>de</strong></span> <span class='ocrx_word' id='word_1_72' title='bbox 890 1638 1024 1704; x_wconf 86' lang='lat' dir='ltr'><strong>reddere</strong></span> <span class='ocrx_word' id='word_1_73' title='bbox 1046 1647 1158 1725; x_wconf 77' lang='lat' dir='ltr'><strong>parts,</strong></span> 
     </span>
     <span class='ocr_line' id='line_1_12' title="bbox 296 1752 1087 1837; baseline 0.003 -19"><span class='ocrx_word' id='word_1_74' title='bbox 296 1775 366 1818; x_wconf 91' lang='lat' dir='ltr'><strong>cum</strong></span> <span class='ocrx_word' id='word_1_75' title='bbox 390 1772 537 1837; x_wconf 87' lang='lat' dir='ltr'><strong>superum</strong></span> <span class='ocrx_word' id='word_1_76' title='bbox 561 1752 665 1818; x_wconf 91' lang='lat' dir='ltr'><strong>iumen</strong></span> <span class='ocrx_word' id='word_1_77' title='bbox 689 1759 776 1817; x_wconf 85' lang='lat' dir='ltr'><strong>tanto</strong></span> <span class='ocrx_word' id='word_1_78' title='bbox 799 1752 923 1819; x_wconf 89' lang='lat' dir='ltr'><strong>fervore</strong></span> <span class='ocrx_word' id='word_1_79' title='bbox 946 1753 1087 1832; x_wconf 76' lang='lat' dir='ltr'><strong>furatur,</strong></span> 
     </span>
     <span class='ocr_line' id='line_1_13' title="bbox 296 1867 1191 1954; baseline 0.001 -22"><span class='ocrx_word' id='word_1_80' title='bbox 296 1871 349 1951; x_wconf 91' lang='lat' dir='ltr'><strong>qni</strong></span> <span class='ocrx_word' id='word_1_81' title='bbox 373 1877 470 1950; x_wconf 84' lang='lat' dir='ltr'><strong>quest</strong></span> <span class='ocrx_word' id='word_1_82' title='bbox 491 1867 542 1931; x_wconf 86' lang='lat' dir='ltr'><strong>iric</strong></span> <span class='ocrx_word' id='word_1_83' title='bbox 564 1875 672 1951; x_wconf 78' lang='lat' dir='ltr'><strong>supter</strong></span> <span class='ocrx_word' id='word_1_84' title='bbox 694 1875 758 1933; x_wconf 85' lang='lat' dir='ltr'><strong>tum</strong></span> <span class='ocrx_word' id='word_1_85' title='bbox 782 1889 891 1934; x_wconf 85' lang='lat' dir='ltr'><strong>crosso</strong></span> <span class='ocrx_word' id='word_1_86' title='bbox 918 1889 1052 1954; x_wconf 89' lang='lat' dir='ltr'><strong>corpore</strong></span> <span class='ocrx_word' id='word_1_87' title='bbox 1073 1877 1191 1935; x_wconf 84' lang='lat' dir='ltr'><strong>terrsrn</strong></span> 
     </span>
     <span class='ocr_line' id='line_1_14' title="bbox 296 1983 1180 2070; baseline -0.005 -20"><span class='ocrx_word' id='word_1_88' title='bbox 296 2003 516 2070; x_wconf 85' lang='lat' dir='ltr'><strong>perquoquere</strong></span> <span class='ocrx_word' id='word_1_89' title='bbox 539 2003 682 2048; x_wconf 90' lang='lat' dir='ltr'><strong>umorem</strong></span> <span class='ocrx_word' id='word_1_90' title='bbox 706 1992 737 2048; x_wconf 91' lang='lat' dir='ltr'><strong>et</strong></span> <span class='ocrx_word' id='word_1_91' title='bbox 760 1983 866 2049; x_wconf 85' lang='lat' dir='ltr'><strong>osiido</strong></span> <span class='ocrx_word' id='word_1_92' title='bbox 889 1985 1007 2050; x_wconf 78' lang='lat' dir='ltr'><strong>satiare</strong></span> <span class='ocrx_word' id='word_1_93' title='bbox 1030 1985 1180 2068; x_wconf 82' lang='lat' dir='ltr'><strong>vspore‘?</strong></span> 
     </span>
     <span class='ocr_line' id='line_1_15' title="bbox 298 2099 1162 2185; baseline -0.001 -23"><span class='ocrx_word' id='word_1_94' title='bbox 298 2099 485 2184; x_wconf 81' lang='lat' dir='ltr'><strong>praesertim</strong></span> <span class='ocrx_word' id='word_1_95' title='bbox 508 2119 578 2162; x_wconf 89' lang='lat' dir='ltr'><strong>oum</strong></span> <span class='ocrx_word' id='word_1_96' title='bbox 602 2100 653 2163; x_wconf 88' lang='lat' dir='ltr'><strong>rix</strong></span> <span class='ocrx_word' id='word_1_97' title='bbox 676 2101 780 2184; x_wconf 89' lang='lat' dir='ltr'><strong>possit</strong></span> <span class='ocrx_word' id='word_1_98' title='bbox 800 2119 859 2185; x_wconf 88' lang='lat' dir='ltr'><strong>per</strong></span> <span class='ocrx_word' id='word_1_99' title='bbox 881 2107 974 2184; x_wconf 83' lang='lat' dir='ltr'><strong>septe</strong></span> <span class='ocrx_word' id='word_1_100' title='bbox 997 2099 1162 2164; x_wconf 90' lang='lat' dir='ltr'><strong>domorum</strong></span> 
     </span>
     <span class='ocr_line' id='line_1_16' title="bbox 220 2213 1066 2280; baseline -0.001 -2"><span class='ocrx_word' id='word_1_101' title='bbox 220 2233 271 2280; x_wconf 81' lang='lat' dir='ltr'><strong>soc</strong></span> <span class='ocrx_word' id='word_1_102' title='bbox 295 2215 458 2280; x_wconf 80' lang='lat' dir='ltr'><strong>insinuare</strong></span> <span class='ocrx_word' id='word_1_103' title='bbox 482 2234 573 2278; x_wconf 91' lang='lat' dir='ltr'><strong>suum</strong></span> <span class='ocrx_word' id='word_1_104' title='bbox 596 2213 694 2280; x_wconf 82' lang='lat' dir='ltr'><strong>radiis</strong></span> <span class='ocrx_word' id='word_1_105' title='bbox 719 2215 902 2280; x_wconf 82' lang='lat' dir='ltr'><strong>ardentibus</strong></span> <span class='ocrx_word' id='word_1_106' title='bbox 924 2223 1066 2280; x_wconf 83' lang='lat' dir='ltr'><strong>aestum.</strong></span> 
     </span>
     <span class='ocr_line' id='line_1_17' title="bbox 298 2305 1199 2414; baseline -0.001 -22"><span class='ocrx_word' id='word_1_107' title='bbox 298 2349 382 2412; x_wconf 85' lang='lat' dir='ltr'><strong>quae</strong></span> <span class='ocrx_word' id='word_1_108' title='bbox 404 2329 515 2394; x_wconf 82' lang='lat' dir='ltr'><strong>ratiost</strong></span> <span class='ocrx_word' id='word_1_109' title='bbox 537 2329 658 2413; x_wconf 77' lang='lat' dir='ltr'><strong>igitur?</strong></span> <span class='ocrx_word' id='word_1_110' title='bbox 673 2330 704 2392; x_wconf 90' lang='lat' dir='ltr'><strong>ni</strong></span> <span class='ocrx_word' id='word_1_111' title='bbox 728 2331 839 2394; x_wconf 89' lang='lat' dir='ltr'><strong>mirum</strong></span> <span class='ocrx_word' id='word_1_112' title='bbox 853 2379 861 2414; x_wconf 86' lang='lat'>,</span> <span class='ocrx_word' id='word_1_113' title='bbox 877 2339 965 2396; x_wconf 82' lang='lat' dir='ltr'><strong>terro</strong></span> <span class='ocrx_word' id='word_1_114' title='bbox 987 2305 1091 2414; x_wconf 63' lang='lat' dir='ltr'><strong>mergis</strong></span> <span class='ocrx_word' id='word_1_115' title='bbox 1113 2327 1199 2411; x_wconf 93' lang='lat' dir='ltr'><strong>quod</strong></span> 
     </span>
     <span class='ocr_line' id='line_1_18' title="bbox 296 2443 1144 2529; baseline 0.001 -20"><span class='ocrx_word' id='word_1_116' title='bbox 296 2464 370 2509; x_wconf 83' lang='lat' dir='ltr'><strong>rere</strong></span> <span class='ocrx_word' id='word_1_117' title='bbox 391 2451 479 2529; x_wconf 88' lang='lat' dir='ltr'><strong>tepet</strong></span> <span class='ocrx_word' id='word_1_118' title='bbox 500 2444 618 2510; x_wconf 88' lang='lat' dir='ltr'><strong>circum</strong></span> <span class='ocrx_word' id='word_1_119' title='bbox 641 2443 761 2508; x_wconf 88' lang='lat' dir='ltr'><strong>fontem</strong></span> <span class='ocrx_word' id='word_1_120' title='bbox 785 2465 879 2528; x_wconf 83' lang='lat' dir='ltr'><strong>quam</strong></span> <span class='ocrx_word' id='word_1_121' title='bbox 903 2452 1008 2510; x_wconf 83' lang='lat' dir='ltr'><strong>cetera</strong></span> <span class='ocrx_word' id='word_1_122' title='bbox 1031 2445 1144 2528; x_wconf 86' lang='lat' dir='ltr'><strong>tetius,</strong></span> 
     </span>
     <span class='ocr_line' id='line_1_19' title="bbox 295 2559 1204 2646; baseline 0 -24"><span class='ocrx_word' id='word_1_123' title='bbox 295 2561 458 2642; x_wconf 85' lang='lat' dir='ltr'><strong>multaque</strong></span> <span class='ocrx_word' id='word_1_124' title='bbox 481 2566 554 2625; x_wconf 87' lang='lat' dir='ltr'><strong>sunt</strong></span> <span class='ocrx_word' id='word_1_125' title='bbox 576 2559 659 2640; x_wconf 85' lang='lat' dir='ltr'><strong>ignis</strong></span> <span class='ocrx_word' id='word_1_126' title='bbox 682 2580 781 2643; x_wconf 84' lang='lat' dir='ltr'><strong>prope</strong></span> <span class='ocrx_word' id='word_1_127' title='bbox 804 2560 927 2626; x_wconf 85' lang='lat' dir='ltr'><strong>semina</strong></span> <span class='ocrx_word' id='word_1_128' title='bbox 950 2579 1064 2646; x_wconf 87' lang='lat' dir='ltr'><strong>corpus</strong></span> <span class='ocrx_word' id='word_1_129' title='bbox 1086 2559 1204 2642; x_wconf 80' lang='lat' dir='ltr'><strong>aquai.</strong></span> 
     </span>
     <span class='ocr_line' id='line_1_20' title="bbox 298 2673 1117 2758; baseline 0.004 -22"><span class='ocrx_word' id='word_1_130' title='bbox 298 2673 358 2737; x_wconf 90' lang='lat' dir='ltr'><strong>hoe</strong></span> <span class='ocrx_word' id='word_1_131' title='bbox 380 2675 432 2738; x_wconf 89' lang='lat' dir='ltr'><strong>ubi</strong></span> <span class='ocrx_word' id='word_1_132' title='bbox 457 2674 600 2739; x_wconf 81' lang='lat' dir='ltr'><strong>roriferis</strong></span> <span class='ocrx_word' id='word_1_133' title='bbox 622 2681 740 2738; x_wconf 85' lang='lat' dir='ltr'><strong>terrem</strong></span> <span class='ocrx_word' id='word_1_134' title='bbox 765 2695 826 2740; x_wconf 87' lang='lat' dir='ltr'><strong>nox</strong></span> <span class='ocrx_word' id='word_1_135' title='bbox 851 2675 957 2739; x_wconf 90' lang='lat' dir='ltr'><strong>obruit</strong></span> <span class='ocrx_word' id='word_1_136' title='bbox 977 2675 1117 2758; x_wconf 84' lang='lat' dir='ltr'><strong>umbris,</strong></span> 
     </span>
     <span class='ocr_line' id='line_1_21' title="bbox 222 2787 1052 2873; baseline -0.002 -19"><span class='ocrx_word' id='word_1_137' title='bbox 222 2809 272 2854; x_wconf 80' lang='lat' dir='ltr'><strong>sec</strong></span> <span class='ocrx_word' id='word_1_138' title='bbox 300 2788 459 2872; x_wconf 86' lang='lat' dir='ltr'><strong>oxtempio</strong></span> <span class='ocrx_word' id='word_1_139' title='bbox 482 2789 607 2872; x_wconf 89' lang='lat' dir='ltr'><strong>penitus</strong></span> <span class='ocrx_word' id='word_1_140' title='bbox 630 2787 773 2873; x_wconf 82' lang='lat' dir='ltr'><strong>frigescit</strong></span> <span class='ocrx_word' id='word_1_141' title='bbox 794 2795 881 2854; x_wconf 85' lang='lat' dir='ltr'><strong>terra</strong></span> <span class='ocrx_word' id='word_1_142' title='bbox 904 2790 1052 2872; x_wconf 87' lang='lat' dir='ltr'><strong>coitque:</strong></span> 
     </span>
     <span class='ocr_line' id='line_1_22' title="bbox 298 2903 1244 2988; baseline -0.002 -21"><span class='ocrx_word' id='word_1_143' title='bbox 298 2905 356 2968; x_wconf 81' lang='lat' dir='ltr'><strong>troo</strong></span> <span class='ocrx_word' id='word_1_144' title='bbox 379 2905 501 2968; x_wconf 83' lang='lat' dir='ltr'><strong>ratione</strong></span> <span class='ocrx_word' id='word_1_145' title='bbox 525 2905 559 2968; x_wconf 87' lang='lat' dir='ltr'><strong>tit</strong></span> <span class='ocrx_word' id='word_1_146' title='bbox 580 2910 634 2982; x_wconf 87' lang='lat' dir='ltr'><strong>ut,</strong></span> <span class='ocrx_word' id='word_1_147' title='bbox 651 2911 715 2969; x_wconf 84' lang='lat' dir='ltr'><strong>tarn</strong></span> <span class='ocrx_word' id='word_1_148' title='bbox 740 2925 836 2986; x_wconf 84' lang='lat' dir='ltr'><strong>quam</strong></span> <span class='ocrx_word' id='word_1_149' title='bbox 859 2923 1043 2988; x_wconf 82' lang='lat' dir='ltr'><strong>compressa</strong></span> <span class='ocrx_word' id='word_1_150' title='bbox 1067 2921 1161 2967; x_wconf 81' lang='lat' dir='ltr'><strong>manu</strong></span> <span class='ocrx_word' id='word_1_151' title='bbox 1183 2903 1244 2986; x_wconf 86' lang='lat' dir='ltr'><strong>sit,</strong></span> 
     </span>
     <span class='ocr_line' id='line_1_23' title="bbox 295 3017 1316 3104; baseline -0.003 -20"><span class='ocrx_word' id='word_1_152' title='bbox 295 3019 451 3104; x_wconf 83' lang='lat' dir='ltr'><strong>exprimat</strong></span> <span class='ocrx_word' id='word_1_153' title='bbox 473 3019 503 3082; x_wconf 90' lang='lat' dir='ltr'><strong>in</strong></span> <span class='ocrx_word' id='word_1_154' title='bbox 528 3018 647 3084; x_wconf 89' lang='lat' dir='ltr'><strong>fontem</strong></span> <span class='ocrx_word' id='word_1_155' title='bbox 671 3039 756 3100; x_wconf 83' lang='lat' dir='ltr'><strong>quse</strong></span> <span class='ocrx_word' id='word_1_156' title='bbox 778 3019 901 3084; x_wconf 79' lang='lat' dir='ltr'><strong>sentina</strong></span> <span class='ocrx_word' id='word_1_157' title='bbox 923 3038 1057 3102; x_wconf 92' lang='lat' dir='ltr'><strong>cumque</strong></span> <span class='ocrx_word' id='word_1_158' title='bbox 1080 3017 1178 3083; x_wconf 80' lang='lat' dir='ltr'><strong>hebet</strong></span> <span class='ocrx_word' id='word_1_159' title='bbox 1200 3018 1316 3102; x_wconf 82' lang='lat' dir='ltr'><strong>ignis,</strong></span> 
     </span>
     <span class='ocr_line' id='line_1_24' title="bbox 296 3131 1264 3217; baseline 0 -21"><span class='ocrx_word' id='word_1_160' title='bbox 296 3153 377 3215; x_wconf 88' lang='lat' dir='ltr'><strong>quae</strong></span> <span class='ocrx_word' id='word_1_161' title='bbox 400 3131 538 3197; x_wconf 82' lang='lat' dir='ltr'><strong>calidum</strong></span> <span class='ocrx_word' id='word_1_162' title='bbox 561 3132 685 3198; x_wconf 82' lang='lat' dir='ltr'><strong>faciunt</strong></span> <span class='ocrx_word' id='word_1_163' title='bbox 706 3143 809 3216; x_wconf 84' lang='lat' dir='ltr'><strong>sqttae</strong></span> <span class='ocrx_word' id='word_1_164' title='bbox 825 3141 951 3199; x_wconf 82' lang='lat' dir='ltr'><strong>tactum</strong></span> <span class='ocrx_word' id='word_1_165' title='bbox 974 3141 1072 3214; x_wconf 84' lang='lat' dir='ltr'><strong>atque</strong></span> <span class='ocrx_word' id='word_1_166' title='bbox 1094 3151 1264 3217; x_wconf 86' lang='lat' dir='ltr'><strong>soporem.</strong></span> 
     </span>
     <span class='ocr_line' id='line_1_25' title="bbox 294 3246 1090 3314; baseline 0.001 -3"><span class='ocrx_word' id='word_1_167' title='bbox 294 3246 369 3312; x_wconf 87' lang='lat' dir='ltr'><strong>inde</strong></span> <span class='ocrx_word' id='word_1_168' title='bbox 392 3249 444 3313; x_wconf 89' lang='lat' dir='ltr'><strong>ubi</strong></span> <span class='ocrx_word' id='word_1_169' title='bbox 469 3249 517 3312; x_wconf 88' lang='lat' dir='ltr'><strong>soi</strong></span> <span class='ocrx_word' id='word_1_170' title='bbox 540 3248 639 3312; x_wconf 79' lang='lat' dir='ltr'><strong>radiis</strong></span> <span class='ocrx_word' id='word_1_171' title='bbox 661 3255 780 3313; x_wconf 81' lang='lat' dir='ltr'><strong>terrant</strong></span> <span class='ocrx_word' id='word_1_172' title='bbox 803 3248 936 3314; x_wconf 86' lang='lat' dir='ltr'><strong>dimovit</strong></span> <span class='ocrx_word' id='word_1_173' title='bbox 958 3249 1090 3313; x_wconf 86' lang='lat' dir='ltr'><strong>obortus</strong></span> 
     </span>
     <span class='ocr_line' id='line_1_26' title="bbox 219 3363 988 3447; baseline -0.005 -17"><span class='ocrx_word' id='word_1_174' title='bbox 219 3383 270 3430; x_wconf 78' lang='lat' dir='ltr'><strong>sto</strong></span> <span class='ocrx_word' id='word_1_175' title='bbox 296 3369 327 3427; x_wconf 89' lang='lat' dir='ltr'><strong>et</strong></span> <span class='ocrx_word' id='word_1_176' title='bbox 350 3381 421 3427; x_wconf 81' lang='lat' dir='ltr'><strong>rare</strong></span> <span class='ocrx_word' id='word_1_177' title='bbox 443 3363 519 3427; x_wconf 89' lang='lat' dir='ltr'><strong>fecit</strong></span> <span class='ocrx_word' id='word_1_178' title='bbox 540 3363 646 3428; x_wconf 81' lang='lat' dir='ltr'><strong>cnfido</strong></span> <span class='ocrx_word' id='word_1_179' title='bbox 669 3363 824 3444; x_wconf 78' lang='lat' dir='ltr'><strong>gliscente</strong></span> <span class='ocrx_word' id='word_1_180' title='bbox 848 3383 988 3447; x_wconf 78' lang='lat' dir='ltr'><strong>vapore,</strong></span> 
     </span>
     <span class='ocr_line' id='line_1_27' title="bbox 294 3473 1104 3562; baseline -0.002 -22"><span class='ocrx_word' id='word_1_181' title='bbox 294 3495 402 3541; x_wconf 87' lang='lat' dir='ltr'><strong>rursus</strong></span> <span class='ocrx_word' id='word_1_182' title='bbox 426 3477 458 3540; x_wconf 89' lang='lat' dir='ltr'><strong>in</strong></span> <span class='ocrx_word' id='word_1_183' title='bbox 482 3477 631 3559; x_wconf 77' lang='lat' dir='ltr'><strong>antiques</strong></span> <span class='ocrx_word' id='word_1_184' title='bbox 652 3475 789 3542; x_wconf 89' lang='lat' dir='ltr'><strong>redeunt</strong></span> <span class='ocrx_word' id='word_1_185' title='bbox 812 3475 988 3562; x_wconf 80' lang='lat' dir='ltr'><strong>primordia</strong></span> <span class='ocrx_word' id='word_1_186' title='bbox 1009 3473 1104 3540; x_wconf 85' lang='lat' dir='ltr'><strong>sedes</strong></span> 
     </span>
     <span class='ocr_line' id='line_1_28' title="bbox 295 3589 1124 3674; baseline 0 -20"><span class='ocrx_word' id='word_1_187' title='bbox 295 3591 399 3674; x_wconf 87' lang='lat' dir='ltr'><strong>ignis,</strong></span> <span class='ocrx_word' id='word_1_188' title='bbox 416 3597 448 3655; x_wconf 89' lang='lat' dir='ltr'><strong>et</strong></span> <span class='ocrx_word' id='word_1_189' title='bbox 470 3591 501 3655; x_wconf 93' lang='lat' dir='ltr'><strong>in</strong></span> <span class='ocrx_word' id='word_1_190' title='bbox 524 3597 639 3656; x_wconf 78' lang='lat' dir='ltr'><strong>terram</strong></span> <span class='ocrx_word' id='word_1_191' title='bbox 665 3591 748 3656; x_wconf 83' lang='lat' dir='ltr'><strong>cedit</strong></span> <span class='ocrx_word' id='word_1_192' title='bbox 770 3592 858 3657; x_wconf 83' lang='lat' dir='ltr'><strong>osior</strong></span> <span class='ocrx_word' id='word_1_193' title='bbox 882 3591 985 3656; x_wconf 89' lang='lat' dir='ltr'><strong>omnis</strong></span> <span class='ocrx_word' id='word_1_194' title='bbox 1008 3589 1124 3672; x_wconf 79' lang='lat' dir='ltr'><strong>aquai.</strong></span> 
     </span>
     <span class='ocr_line' id='line_1_29' title="bbox 294 3703 1143 3786; baseline -0.004 -17"><span class='ocrx_word' id='word_1_195' title='bbox 294 3703 430 3786; x_wconf 84' lang='lat' dir='ltr'><strong>frigidus</strong></span> <span class='ocrx_word' id='word_1_196' title='bbox 452 3703 535 3770; x_wconf 82' lang='lat' dir='ltr'><strong>hone</strong></span> <span class='ocrx_word' id='word_1_197' title='bbox 558 3707 599 3770; x_wconf 88' lang='lat' dir='ltr'><strong>ob</strong></span> <span class='ocrx_word' id='word_1_198' title='bbox 622 3727 688 3771; x_wconf 89' lang='lat' dir='ltr'><strong>rem</strong></span> <span class='ocrx_word' id='word_1_199' title='bbox 711 3706 746 3770; x_wconf 90' lang='lat' dir='ltr'><strong>iit</strong></span> <span class='ocrx_word' id='word_1_200' title='bbox 767 3705 839 3770; x_wconf 88' lang='lat' dir='ltr'><strong>fons</strong></span> <span class='ocrx_word' id='word_1_201' title='bbox 862 3706 893 3769; x_wconf 94' lang='lat' dir='ltr'><strong>in</strong></span> <span class='ocrx_word' id='word_1_202' title='bbox 916 3707 986 3770; x_wconf 86' lang='lat' dir='ltr'><strong>luce</strong></span> <span class='ocrx_word' id='word_1_203' title='bbox 1009 3705 1143 3768; x_wconf 79' lang='lat' dir='ltr'><strong>diurne.</strong></span> 
     </span>
     <span class='ocr_line' id='line_1_30' title="bbox 294 3820 964 3904; baseline -0.003 -20"><span class='ocrx_word' id='word_1_204' title='bbox 294 3826 465 3904; x_wconf 82' lang='lat' dir='ltr'><strong>praeterea</strong></span> <span class='ocrx_word' id='word_1_205' title='bbox 487 3821 564 3885; x_wconf 88' lang='lat' dir='ltr'><strong>sciis</strong></span> <span class='ocrx_word' id='word_1_206' title='bbox 587 3820 685 3886; x_wconf 83' lang='lat' dir='ltr'><strong>radiis</strong></span> <span class='ocrx_word' id='word_1_207' title='bbox 707 3821 845 3884; x_wconf 82' lang='lat' dir='ltr'><strong>iactatur</strong></span> <span class='ocrx_word' id='word_1_208' title='bbox 867 3820 964 3900; x_wconf 83' lang='lat' dir='ltr'><strong>oquai</strong></span> 
     </span>
     <span class='ocr_line' id='line_1_31' title="bbox 218 3932 1127 4003; baseline -0.009 0"><span class='ocrx_word' id='word_1_209' title='bbox 218 3957 269 4003; x_wconf 77' lang='lat' dir='ltr'><strong>sto</strong></span> <span class='ocrx_word' id='word_1_210' title='bbox 294 3955 385 4000; x_wconf 91' lang='lat' dir='ltr'><strong>umor</strong></span> <span class='ocrx_word' id='word_1_211' title='bbox 408 3943 439 4001; x_wconf 93' lang='lat' dir='ltr'><strong>et</strong></span> <span class='ocrx_word' id='word_1_212' title='bbox 460 3936 494 4000; x_wconf 89' lang='lat' dir='ltr'><strong>in</strong></span> <span class='ocrx_word' id='word_1_213' title='bbox 515 3937 618 4000; x_wconf 89' lang='lat' dir='ltr'><strong>lucem</strong></span> <span class='ocrx_word' id='word_1_214' title='bbox 640 3935 775 4000; x_wconf 89' lang='lat' dir='ltr'><strong>tremuto</strong></span> <span class='ocrx_word' id='word_1_215' title='bbox 798 3933 933 4000; x_wconf 77' lang='lat' dir='ltr'><strong>rarescit</strong></span> <span class='ocrx_word' id='word_1_216' title='bbox 954 3932 995 3998; x_wconf 85' lang='lat' dir='ltr'><strong>sb</strong></span> <span class='ocrx_word' id='word_1_217' title='bbox 1017 3939 1127 3996; x_wconf 86' lang='lat' dir='ltr'><strong>sesto:</strong></span> 
     </span>
    </p>
   </div>
   <div class='ocr_carea' id='block_1_3' title="bbox 297 4229 1494 4484">
    <p class='ocr_par' dir='ltr' id='par_1_3' title="bbox 297 4229 1494 4484">
     <span class='ocr_line' id='line_1_32' title="bbox 299 4229 1494 4312; baseline -0.002 -20"><span class='ocrx_word' id='word_1_218' title='bbox 299 4245 349 4292; x_wconf 79' lang='grc'><strong>846</strong></span> <span class='ocrx_word' id='word_1_219' title='bbox 369 4243 395 4292; x_wconf 92' lang='lat' dir='ltr'><strong>in</strong></span> <span class='ocrx_word' id='word_1_220' title='bbox 420 4241 433 4312; x_wconf 83' lang='grc' dir='ltr'><strong>ΙΙ</strong></span> <span class='ocrx_word' id='word_1_221' title='bbox 458 4244 508 4291; x_wconf 78' lang='grc'><strong>848</strong></span> <span class='ocrx_word' id='word_1_222' title='bbox 528 4241 644 4304; x_wconf 71' lang='lat' dir='ltr'><strong>Frigidcs</strong></span> <span class='ocrx_word' id='word_1_223' title='bbox 670 4237 684 4308; x_wconf 85' lang='grc' dir='ltr'>Η</span> <span class='ocrx_word' id='word_1_224' title='bbox 709 4242 756 4289; x_wconf 91' lang='grc'><strong>851</strong></span> <span class='ocrx_word' id='word_1_225' title='bbox 779 4239 886 4302; x_wconf 80' lang='lat' dir='ltr'><strong>partim.</strong></span> <span class='ocrx_word' id='word_1_226' title='bbox 912 4233 925 4304; x_wconf 89' lang='grc' dir='ltr'><strong>ΙΙ</strong></span> <span class='ocrx_word' id='word_1_227' title='bbox 949 4239 998 4286; x_wconf 84' lang='grc'><strong>857</strong></span> <span class='ocrx_word' id='word_1_228' title='bbox 1019 4250 1094 4300; x_wconf 85' lang='lat' dir='ltr'><strong>snper</strong></span> <span class='ocrx_word' id='word_1_229' title='bbox 1114 4235 1126 4302; x_wconf 82' lang='grc' dir='ltr'>Η</span> <span class='ocrx_word' id='word_1_230' title='bbox 1147 4237 1197 4285; x_wconf 88' lang='grc'><strong>858</strong></span> <span class='ocrx_word' id='word_1_231' title='bbox 1218 4235 1393 4300; x_wconf 82' lang='lat' dir='ltr'><strong>Perqrtooero</strong></span> <span class='ocrx_word' id='word_1_232' title='bbox 1426 4243 1443 4308; x_wconf 65' lang='lat' dir='ltr'><strong>¹i</strong></span> <span class='ocrx_word' id='word_1_233' title='bbox 1493 4229 1494 4273; x_wconf 55' lang='lat' dir='ltr'><strong>i</strong></span> 
     </span>
     <span class='ocr_line' id='line_1_33' title="bbox 297 4321 1443 4397; baseline -0.01 -17"><span class='ocrx_word' id='word_1_234' title='bbox 297 4331 395 4380; x_wconf 80' lang='lat' dir='ltr'><strong>scolere</strong></span> <span class='ocrx_word' id='word_1_235' title='bbox 415 4327 428 4397; x_wconf 83' lang='grc' dir='ltr'><strong>ΙΙ</strong></span> <span class='ocrx_word' id='word_1_236' title='bbox 449 4333 499 4380; x_wconf 83' lang='grc'><strong>880</strong></span> <span class='ocrx_word' id='word_1_237' title='bbox 511 4345 566 4377; x_wconf 86' lang='lat' dir='ltr'><strong>sum</strong></span> <span class='ocrx_word' id='word_1_238' title='bbox 588 4325 601 4396; x_wconf 81' lang='grc' dir='ltr'>Η</span> <span class='ocrx_word' id='word_1_239' title='bbox 622 4330 671 4377; x_wconf 79' lang='grc'><strong>882</strong></span> <span class='ocrx_word' id='word_1_240' title='bbox 685 4327 752 4376; x_wconf 80' lang='lat' dir='ltr'><strong>Pers</strong></span> <span class='ocrx_word' id='word_1_241' title='bbox 765 4337 831 4376; x_wconf 87' lang='lat' dir='ltr'><strong>tonet</strong></span> <span class='ocrx_word' id='word_1_242' title='bbox 851 4323 865 4392; x_wconf 79' lang='grc' dir='ltr'>Η</span> <span class='ocrx_word' id='word_1_243' title='bbox 886 4323 1040 4374; x_wconf 71' lang='lat' dir='ltr'><strong>coturnis.</strong></span> <span class='ocrx_word' id='word_1_244' title='bbox 1061 4321 1074 4389; x_wconf 82' lang='grc' dir='ltr'><strong>ΙΙ</strong></span> <span class='ocrx_word' id='word_1_245' title='bbox 1096 4325 1146 4372; x_wconf 84' lang='grc'><strong>865</strong></span> <span class='ocrx_word' id='word_1_246' title='bbox 1164 4324 1264 4372; x_wconf 75' lang='lat' dir='ltr'><strong>sonitus</strong></span> <span class='ocrx_word' id='word_1_247' title='bbox 1285 4323 1300 4392; x_wconf 79' lang='grc' dir='ltr'><strong>ΙΙ</strong></span> <span class='ocrx_word' id='word_1_248' title='bbox 1322 4331 1380 4377; x_wconf 64' lang='grc'><strong>863</strong></span> <span class='ocrx_word' id='word_1_249' title='bbox 1398 4333 1443 4380; x_wconf 60' lang='lat'><strong>12.</strong></span> 
     </span>
     <span class='ocr_line' id='line_1_34' title="bbox 301 4412 985 4484; baseline -0.009 -18"><span class='ocrx_word' id='word_1_250' title='bbox 301 4418 359 4466; x_wconf 86' lang='lat' dir='ltr'><strong>ticis</strong></span> <span class='ocrx_word' id='word_1_251' title='bbox 380 4417 394 4484; x_wconf 71' lang='grc' dir='ltr'>Η</span> <span class='ocrx_word' id='word_1_252' title='bbox 414 4431 549 4479; x_wconf 50' lang='lat' dir='ltr'><strong>stuporem.</strong></span> <span class='ocrx_word' id='word_1_253' title='bbox 571 4413 583 4482; x_wconf 86' lang='grc' dir='ltr'><strong>ΙΙ</strong></span> <span class='ocrx_word' id='word_1_254' title='bbox 605 4417 655 4463; x_wconf 78' lang='grc'><strong>870</strong></span> <span class='ocrx_word' id='word_1_255' title='bbox 675 4416 794 4474; x_wconf 79' lang='lat' dir='ltr'><strong>nrisoepte</strong></span> <span class='ocrx_word' id='word_1_256' title='bbox 814 4415 827 4480; x_wconf 73' lang='grc' dir='ltr'><strong>ΙΙ</strong></span> <span class='ocrx_word' id='word_1_257' title='bbox 848 4417 899 4460; x_wconf 74' lang='lat' dir='ltr'><strong>stt</strong></span> <span class='ocrx_word' id='word_1_258' title='bbox 917 4412 985 4460; x_wconf 80' lang='lat' dir='ltr'><strong>rodis</strong></span> 
     </span>
    </p>
   </div>
   <div class='ocr_carea' id='block_1_4' title="bbox 0 0 1502 5148">
    <p class='ocr_par' dir='ltr' id='par_1_4' title="bbox 0 0 1502 5148">
     <span class='ocr_line' id='line_1_35' title="bbox 0 0 1502 5148; baseline 0 2"><span class='ocrx_word' id='word_1_259' title='bbox 0 0 1502 5148; x_wconf 95' lang='lat' dir='ltr'><strong> </strong></span> 
     </span>
    </p>
   </div>
  </div>
 </body>
</html>
