3052 5150
650 403 699 468 111
1167 403 1226 469 157

135 599 226 665 nugas
248 581 348 664 agunt
369 555 447 642 Pius
470 581 501 642 et
523 574 764 642 Wakefieldus.
781 575 936 642 Marullus
950 575 1082 662 alvoque
1095 577 1230 662 raresco

134 681 302 750 Ds'ueidiam
316 693 351 745 ot
370 691 504 774 aequeot
514 679 615 766 fieri.
631 678 689 745 sed
711 678 876 763 aptissime
891 677 1067 744 Lambinus
1088 678 1229 764 priorem

18 823 22 862 r
80 855 82 858 ,
134 805 249 852 uersum
271 804 341 850 eum
365 782 585 868 superioribus
608 781 797 865 coniungit,
825 789 861 848 ut
883 789 995 848 mutua
1017 779 1161 866 eorporis
1183 785 1228 846 at-

18 953 19 956 ,
133 907 187 971 que
201 889 326 954 animae
343 885 495 968 contagia
509 885 623 952 vitales
639 891 742 951 motus
763 885 883 951 deicere
905 884 1052 951 dieantur
1073 885 1230 949 Mutamus

133 992 215 1056 orem
243 990 390 1055 mentina
417 989 550 1074 alvoque
571 1009 739 1052 aurosus
757 1037 764 1052 .
781 988 827 1053 ita
847 1005 926 1054 vero
948 985 1130 1054 neeessario
1154 986 1229 1052 seri·
1350 1037 1354 1046 .

132 1091 259 1158 bendum
292 1097 341 1158 est
366 1090 549 1156 Discidium
578 1112 622 1155 us
649 1104 782 1178 nequeat
797 1091 899 1176 fieri.
916 1097 948 1156 et
980 1110 1092 1156 verum
1120 1095 1169 1186 ent
1196 1089 1229 1154 in

132 1195 260 1278 oblongo
294 1219 326 1260 m
358 1195 497 1260 litteram
526 1193 559 1259 in
586 1194 684 1259 litura
710 1211 801 1258 esse:
833 1191 892 1257 fuit
918 1199 1046 1278 autem,
1074 1196 1227 1275 quantum

18 1345 19 1354 γ
133 1297 279 1362 eontentis
303 1297 405 1363 oeulis
427 1296 539 1362 videre
561 1296 670 1381 potui,
694 1295 898 1363 Discidium.

206 1399 279 1465 357.
302 1401 421 1466 Pnanr
442 1407 532 1462 nuru
555 1419 654 1470 ouon
677 1418 747 1462 sou
769 1419 958 1463 raoruruu
980 1419 1064 1462 rurs
1087 1418 1171 1461 rurus
1194 1419 1229 1460 ru

130 1525 239 1588 ruvo,
267 1504 480 1575 Muurueun
506 1521 729 1566 rusurensi
757 1523 895 1564 ruanis
921 1521 971 1565 uu
994 1521 1230 1564 nxrnunrsuu

129 1627 220 1670 sevo
243 1604 551 1677 osnaberiensi
573 1604 704 1687 oblongi
728 1605 872 1669 Pnnnrr
899 1605 1000 1672 carba.
1017 1609 1084 1668 tuum
1106 1605 1174 1669 aas
1196 1606 1230 1669 ia

129 1733 197 1775 aevo
221 1715 354 1793 uterque
380 1707 483 1774 codex
510 1708 579 1772 sine
605 1707 671 1772 ullo
700 1707 828 1772 alienae
854 1725 970 1772 manus
996 1706 1133 1789 vestigio
1148 1729 1155 1771 :
1171 1706 1229 1772 sed

14 1883 15 1892 γ
129 1811 293 1896 quadratus
317 1797 370 1896 ei,
395 1810 481 1898 quod
503 1809 579 1894 quid
602 1815 688 1875 esset
703 1809 963 1894 Havereampus‚
988 1810 1083 1875 homo
1103 1809 1230 1893 imperi·

129 1921 193 1999 lus,
215 1936 280 1980 non
303 1915 480 1982 didicerat.
497 1937 609 1999 quam,
639 1912 726 1996 quod
749 1912 781 1976 in
805 1911 867 1978 fine
890 1931 1003 1978 versus
1025 1910 1162 1994 legitur,
1190 1929 1230 1974 ex

15 2013 16 2024 ³
128 2017 265 2102 margine
288 2017 401 2085 dextro
432 2014 552 2080 eodieis
571 2013 747 2100 'archetypi
777 2013 854 2080 illue
876 2015 982 2080 venit:
1000 2021 1049 2080 est
1071 2013 1156 2079 enim
1177 2011 1230 2076 hie

128 2139 234 2186 versus
261 2121 375 2188 tertius
402 2117 542 2204 paginae
568 2117 663 2182 huius
689 2118 763 2184 libri
792 2118 924 2204 quintae
951 2115 1118 2199 decimae,
1146 2134 1230 2199 quae

129 2221 181 2288 luit
202 2223 234 2288 in
256 2230 349 2309 parte
371 2221 503 2288 sinistra
524 2219 684 2286 schedae.
700 2220 839 2286 debebat
861 2225 966 2286 autern
989 2217 1086 2285 scribi
1110 2237 1230 2302 ouon,

128 2323 206 2407 quod
223 2331 293 2391 erat
309 2325 343 2390 in
358 2325 429 2410 ipso
444 2342 540 2389 versu
556 2322 735 2388 mutilatum
750 2347 803 2388 em
816 2372 823 2387 .
838 2322 898 2388 hoe
913 2322 986 2388 Itali
1002 2322 1067 2387 iarn
1082 2320 1232 2388 viderunt

127 2431 156 2491 et
169 2427 346 2494 Brixiensis
362 2427 486 2510 editor,
510 2425 565 2511 qui
581 2424 739 2491 dederunt
754 2449 844 2491 eam.
860 2423 919 2492 sed
935 2425 968 2489 in
983 2430 1121 2509 utroque
1134 2445 1231 2491 versu

127 2528 363 2616 interpretando
384 2548 468 2594 unus
489 2527 659 2595 Greeehius
682 2527 806 2613 aliquid
829 2527 871 2593 ad
895 2547 962 2594 rem
984 2527 1061 2594 feeit
1082 2526 1231 2594 adferen-

127 2630 172 2698 dis
187 2632 317 2719 llpleuri
334 2631 462 2717 verbis,
486 2650 569 2715 quae
592 2633 667 2699 sunt
688 2628 776 2715 apud
793 2630 971 2714 Diogenem
988 2631 1022 2696 in
1044 2631 1126 2697 libro
1142 2652 1173 2715 x,
1190 2629 1232 2695 64

127 2735 335 2822 itaeoneepta.
348 2732 402 2802 tao
412 2728 663 2820 ἀπαλλαγείσης
674 2734 733 2819 τῆς
739 2734 847 2820 ψυχῆς
853 2732 905 2820 (ed
912 2731 1035 2800 λοιπὸν
1042 2724 1230 2821 dioeceseos)

23 2886 30 2899 .
127 2833 182 2906 ode
194 2839 260 2922 ἔχει
271 2837 333 2927 τήν
345 2832 526 2923 αἴσθησιν·
544 2829 584 2905 od
601 2835 663 2923 γὰρ
676 2830 759 2903 αὐτὸ
772 2833 806 2904 ἐν
819 2831 927 2924 ἑαυτῷ
936 2831 1062 2924 ταύτην
1077 2834 1254 2921 ἐκέκτητο.

125 2940 180 3027 τὴν
190 2937 344 3025 δύναμιν,
358 2935 429 3008 ἀλλ’
443 2936 544 3028 ἑτέρῳ
557 2937 627 3024 ἅμα
639 2937 903 3028 συγγεγενημένῳ
915 2933 1007 3028 αὐτῷ
1018 2933 1231 3025 παρεσκεύα-

127 3043 185 3124 ζεν.
200 3045 256 3112 sed
269 3044 408 3112 debebat
419 3064 530 3111 eorum
541 3045 725 3110 meminisse
737 3063 821 3127 quaa
836 3049 933 3128 poeta
947 3061 1047 3128 supra
1061 3040 1143 3107 dixit
1157 3041 1229 3125 213,

9 3209 10 3230 ἶ
126 3147 183 3213 Nil
197 3149 243 3213 ela·
252 3147 382 3214 libatum
398 3149 436 3214 de
451 3161 510 3214 toto
526 3171 654 3234 corpore
669 3170 781 3212 ceruos
797 3145 853 3211 Ao
865 3147 1012 3233 speeiem,
1035 3145 1084 3210 aet
1098 3143 1143 3209 ad
1150 3167 1230 3230 poa-

8 3247 10 3330 }
126 3249 184 3316 das
195 3273 206 3314 .·
218 3274 302 3316 more
316 3251 587 3336 mammaeam,
610 3247 742 3314 Vitolem
753 3261 884 3334 praeter·
895 3271 1019 3314 aeneum
1031 3245 1231 3331 calidumque

125 3375 288 3440 vaporem:
303 3353 350 3418 ita
365 3352 450 3417 enim
465 3350 677 3418 intellexisset
695 3349 776 3415 illud
799 3350 964 3437 Multoque
982 3363 1150 3436 praeterea
1165 3367 1231 3412 non

8 3453 10 3514 l
104 3452 295 3524 ¹delendum
318 3473 409 3538 esee,
434 3451 493 3519 sed
514 3471 618 3537 parva
640 3471 740 3538 opera
755 3453 802 3518 sie
816 3452 1059 3539 retingendum,
1083 3453 1232 3518 Neruu-

8 3527 10 3580 ξ
126 3577 196 3627 Qua
220 3569 384 3644 praeterea
398 3554 529 3643 perdel,
558 3579 649 3642 quom
672 3555 842 3643 sepelliter
864 3579 959 3622 aevo.
975 3555 1097 3638 Nulla,
1127 3554 1161 3620 id
1183 3559 1232 3634 est

126 3659 228 3726 nullas
249 3680 319 3744 res3
342 3665 377 3722 ut
399 3658 432 3723 in
454 3679 475 3742 1,
492 3657 556 3722 242
577 3659 635 3723 udi
653 3659 746 3723 aella
765 3659 872 3742 foreat
894 3673 1019 3724 aeterno
1041 3679 1194 3744 corpore.

208 3761 278 3828 361.
303 3761 571 3845 Drsrrcrnnsr,
596 3780 745 3825 cousus
768 3783 844 3826 cun
866 3781 1002 3826 seusus
1024 3780 1148 3824 nuens
1169 3779 1233 3846 no·

126 3861 429 3944 annumeratus
455 3863 594 3950 offella
627 3876 695 3929 eat.
716 3863 891 3931 Lambinus
924 3863 1042 3950 optime
1074 3853 1233 3928 Dnsr'ru-

126 3985 235 4051 ausu,
257 3979 368 4034 conoe
389 3989 459 4032 com
474 3987 607 4052 oresr3
630 3965 681 4030 eui
698 3964 920 4034 Wakefieldus
935 3973 967 4034 et
981 3965 1139 4049 Forbiger
1160 3983 1231 4030 eum

128 4075 233 4135 eontra
254 4067 384 4154 dieunt,
407 4067 590 4155 desipiunt.

207 4171 279 4238 362.
303 4170 446 4236 Sensus
473 4193 562 4236 nuru
589 4191 728 4236 ruanis
755 4192 877 4244 unone
904 4191 1015 4236 acras
1038 4191 1231 4236 nnsnunrr

129 4293 174 4336 su
193 4273 423 4342 ursas.Haee
448 4275 477 4341 si
505 4275 712 4358 omittantur,
739 4274 919 4359 planiorem
949 4276 1140 4342 sententiam
1163 4275 1232 4340 fors

128 4374 296 4445 Lambinus
324 4384 410 4444 reete
435 4376 532 4443 dioit:
549 4378 635 4445 idern
659 4397 723 4463 quo
746 4378 815 4443 iure
842 4377 891 4444 eis
919 4399 985 4444 rem
1013 4377 1130 4444 falsam
1158 4383 1190 4442 et
1212 4395 1233 4442 a

130 4474 259 4546 decretis
274 4480 403 4565 Epicuri
424 4480 649 4548 abhorrentem
671 4481 778 4546 inesse
800 4479 920 4546 iudicet
942 4479 1050 4547 dieere
1073 4501 1137 4544 nou
1160 4497 1233 4566 pos·

131 4598 214 4666 sum,
239 4582 319 4668 quia
339 4603 443 4667 neque
466 4585 571 4671 ipsum
594 4603 721 4650 versum
745 4601 851 4666 neque
873 4583 1014 4650 Turnebi
1038 4589 1094 4649 aut
1115 4582 1233 4649 Wake-
