3110 5146
651 375 696 440 VI
1162 375 1225 441 379

118 550 260 616 calidam
272 547 406 636 faciant
428 571 530 634 oquae
557 559 673 612 laetam
694 560 788 631 etque
814 569 981 632 vaporem,
996 546 1050 612 ubi
1077 545 1225 610 inlibris

118 651 238 720 nostris
261 656 311 717 est
324 649 429 714 ἰαιίοίε
450 661 585 714 meam.
600 647 681 714 illud
696 653 803 715 autem
817 645 928 714 Bedae
949 647 1144 714 eredendum
1158 666 1224 713 non

118 763 187 839 est,
204 753 292 839 quod
306 751 452 818 vocalem
467 750 617 835 brevem,
634 769 753 837 quaeq
769 755 801 818 et
810 776 834 817 u
848 757 880 816 et
893 749 997 816 vocali
1014 749 1157 835 qualibet
1171 769 1224 814 ex-

118 859 295 941 ciperetur,
310 857 437 919 veteres
449 869 648 942 communem
659 870 733 918 esse
743 851 886 918 voluisse
897 852 1027 922 scribit:
1043 869 1148 934 neque
1159 871 1224 918 ere-

118 959 220 1026 dibile
243 962 293 1024 est
313 961 379 1022 tam
394 955 534 1020 anteum
548 959 677 1039 poetam
692 973 731 1021 eo
746 973 838 1020 usum
854 941 1028 1039 essequod
1042 953 1224 1038 grammati·

118 1082 175 1130 eus
192 1055 408 1128 biohenfeldii
429 1076 461 1140 p.
473 1055 538 1120 444
558 1063 721 1140 tamquam
739 1057 911 1124 barbarum
933 1056 1043 1141 reicit,
1059 1076 1130 1122 oum
1146 1055 1226 1122 dicit

119 1187 226 1250 aque,
242 1185 304 1230 eon
318 1182 444 1246 aequm
464 1164 513 1224 est
526 1157 624 1240 igitur
646 1158 850 1226 scribendum
872 1171 975 1246 opaea
996 1165 1029 1225 et
1050 1159 1168 1246 aqaar‘.
1184 1157 1224 1223 ai·
1280 1226 1283 1232 ,

9 1271 17 1286 ’
118 1266 237 1332 militer
251 1262 424 1344 Horatius,
440 1260 532 1343 isque
548 1279 629 1326 unus
647 1261 730 1327 inter
745 1279 877 1343 omnes,
893 1263 996 1328 siloae
1010 1261 1112 1326 tribus
1126 1260 1225 1346 sylla·

119 1369 169 1434 bis
189 1365 294 1450 dixit,
310 1363 460 1448 idemque
483 1381 501 1428 e
524 1361 684 1428 contrario
707 1361 831 1428 larvam
852 1380 938 1446 qnae
952 1363 1066 1428 Plauto
1089 1369 1121 1429 et
1137 1363 1225 1428 Pria-

119 1469 173 1554 pei
187 1468 232 1534 33
252 1472 368 1552 poetae
388 1465 483 1532 lurae
505 1468 573 1548 est,
589 1463 783 1531 Adamantio
798 1463 939 1530 Putsobii
961 1483 992 1548 p.
1005 1465 1091 1533 2304
1112 1466 1223 1547 arrha,

119 1573 196 1638 item
217 1569 350 1635 miluum
364 1566 583 1649 antiquiores,
598 1567 729 1632 manem
744 1567 872 1632 Persius
887 1567 1045 1634 Martialis
1062 1565 1225 1632 luvenalis

120 1675 168 1757 (in
186 1669 369 1738 halieutiois
383 1669 425 1736 95
447 1668 652 1736 scribendum
674 1670 739 1735 iuli
757 1689 775 1735 e
790 1669 930 1754 Plinio),
947 1675 979 1736 et
993 1668 1146 1751 Plautus,
1162 1667 1223 1733 nisi

120 1775 237 1858 fallor,
253 1796 365 1839 acuam
377 1771 591 1856 aliquotiens,
607 1777 643 1837 ut
653 1771 687 1836 in
697 1771 892 1838 Truculento
908 1793 941 1856 u,
954 1772 984 1854 l,
999 1771 1038 1838 13
1053 1771 1133 1838 Neri
1141 1769 1224 1836 aare·

119 1883 209 1944 octar
230 1889 352 1957 waren,
368 1874 469 1940 ornam
491 1876 528 1938 ea
541 1883 629 1960 aqir‘a
648 1875 789 1941 abactio
810 1898 916 1956 mare,
933 1875 966 1938 in
981 1873 1084 1940 Milite
1099 1873 1170 1956 qo,
1184 1871 1222 1936 lt

119 1981 205 2046 Nam
216 2001 256 2045 ea
266 1999 328 2042 ano
339 1988 434 2062 peteo
448 1975 585 2040 uiridior
598 1999 770 2062 numqaum
784 1977 870 2062 potes
881 1977 979 2062 Aqua
1000 1982 1103 2061 dqaoa
1123 1974 1209 2038 sami
1216 2021 1225 2054 ,

119 2105 217 2168 quarn
238 2081 314 2146 iaec
335 2091 380 2144 est
394 2091 487 2164 arque
501 2079 565 2144 aa
579 2078 723 2165 sospem
739 2076 880 2161 deniqne
900 2077 955 2161 qui
972 2083 1021 2143 est
1036 2095 1056 2142 a
1071 2075 1226 2142 Cicerone

119 2186 151 2248 in
174 2181 428 2248 Tmcrrlanarum
455 2180 532 2264 1,10
554 2181 677 2266 positus
709 2179 750 2246 de
772 2181 911 2246 Tantalo
940 2179 1136 2260 versiculus,
1153 2195 1225 2242 eum

119 2303 232 2352 omnes
254 2287 401 2350 auctores
415 2282 463 2348 ita
483 2283 635 2367 seriptum
658 2282 757 2350 fuisse
779 2283 1000 2366 consentiunt,
1017 2283 1122 2348 Mento
1144 2305 1225 2346 sem-

117 2411 203 2454 mam
217 2396 335 2472 apaan
350 2384 526 2470 ottinpens,
542 2398 665 2452 enectus
675 2387 750 2452 riti.
767 2405 872 2469 neque
884 2386 977 2450 aliter
988 2385 1126 2452 Titinius
1137 2381 1226 2468 apud

117 2489 260 2556 Nonium
271 2507 302 2572 p.
310 2485 382 2570 245,
392 2486 431 2551 31
451 2487 553 2552 Terra
571 2488 647 2553 baec
662 2501 708 2554 eet
717 2536 727 2571 ,
743 2512 806 2554 aaa
828 2489 934 2574 aq't'e'a,
949 2488 1007 2553 obi
1025 2511 1057 2552 es
1078 2485 1155 2571 (boe
1169 2484 1225 2551 ad-

118 2591 203 2674 didi)
215 2605 249 2657 ta
260 2589 371 2658 solitas
382 2589 564 2676 arpuaaar
574 2589 730 2674 Pedibus,
743 2603 859 2656 crearm
870 2589 945 2656 dam
956 2591 1127 2675 carperet
1138 2588 1225 2673 (libri

117 2693 322 2780 compescui),
338 2693 520 2758 vestimento
542 2693 602 2777 qai
621 2692 706 2760 aves
726 2691 814 2776 (libri
837 2717 897 2778 que
919 2691 1039 2775 leves).

203 2793 277 2862 554.
301 2793 355 2860 Ur
387 2813 574 2857 rncnnnun
607 2813 705 2864 noua
742 2815 886 2860 ruucru
919 2813 1073 2864 ouoous
1107 2813 1225 2856 renus

116 2917 321 2962 varinnas.
344 2895 481 2962 Vacr'llat
502 2899 662 2962 corrector
684 2895 817 2980 oblongi
840 2905 872 2963 et
890 2887 966 2962 olim
988 2894 1157 2978 impressi,
1172 2917 1225 2959 ve-

116 3001 203 3068 cr‘llet
218 2998 398 3064 Antonius:
414 3017 623 3062 vaoruurus
645 3003 805 3064 corrector
827 2997 977 3082 quadrati
999 3003 1032 3064 et
1045 2996 1225 3064 Aventius.

203 3101 277 3168 555.
302 3100 355 3168 Ua
383 3120 451 3162 vus
477 3121 588 3164 innan
615 3120 686 3164 sou
718 3121 807 3171 curn
835 3120 1047 3165 conannas.
1070 3099 1111 3164 In
1140 3112 1227 3164 terra

117 3203 299 3286 Marullus,
314 3202 386 3268 sine
407 3222 524 3270 sensu.
541 3201 763 3268 Wakefieldus
784 3202 894 3287 inepte
915 3204 997 3268 inte
1018 3225 1095 3266 noe.
1116 3221 1225 3266 verum

117 3313 167 3374 est
189 3326 302 3370 rurae
322 3325 419 3370 nun.
435 3304 532 3370 nimis
547 3303 687 3372 breviter
701 3305 833 3372 Servius
855 3303 897 3369 ad
919 3303 1095 3387 georgicon
1116 3325 1150 3382 u,
1162 3301 1226 3370 479

119 3409 195 3474 Alii
213 3431 331 3493 aquam
353 3406 462 3472 dicant
480 3408 652 3494 parentalem
673 3408 731 3474 areb
750 3408 844 3474 terrie
866 3407 987 3471 moveri
1005 3417 1034 3470 et
1055 3405 1151 3470 simol
1171 3430 1226 3470 aas

116 3522 298 3592 concutere,
313 3510 394 3575 st'cat
408 3533 466 3574 aas
487 3533 609 3595 oquae,
625 3522 660 3574 at
679 3509 757 3576 diost
771 3509 960 3575 Ducerelt'ao.
976 3526 1060 3591 quae
1076 3508 1227 3574 exscribit

117 3610 263 3678 Isidorum
284 3609 447 3693 originum
469 3631 534 3695 xrv,
549 3613 586 3676 1.

202 3713 277 3780 558.
302 3733 345 3776 nr
367 3733 506 3777 uaeas.
523 3713 727 3780 correctores
750 3713 876 3796 antiqui
900 3732 1042 3780 unonn.

203 3815 277 3882 563.
299 3817 506 3882 Incensura
539 3837 676 3880 unsrun
713 3838 749 3880 ru
782 3835 908 3880 nsnnrr
941 3835 1104 3878 ruourrn
1140 3835 1225 3878 nnu-

117 3938 211 3983 rarr.
226 3937 262 3983 s.
275 3937 312 3982 a.
323 3937 358 3988 a·
371 3937 409 3988 a·
422 3917 607 3997 Quadratus
618 3917 862 4006 prodripartem
873 3942 985 4004 aqaeq.
998 3969 1006 4004 ,
1022 3922 1058 3983 ut
1068 3922 1227 4003 appareat

116 4018 286 4084 librarium
308 4019 367 4086 illa
389 4045 516 4107 eamq.
539 4041 605 4087 non
628 4021 847 4106 intellexisse,
869 4039 954 4105 quae
978 4021 1172 4087 Veronensis
1195 4027 1228 4086 et

118 4121 259 4188 Venetus
280 4122 328 4188 ita
353 4122 473 4206 scripta
492 4122 664 4205 exhibent,
685 4148 706 4188 a
721 4147 742 4188 a
756 4124 786 4188 ἡ·
797 4149 848 4210 q.,
869 4123 1046 4189 omiserunt
1065 4122 1226 4190 Antonius

117 4229 150 4289 et
172 4223 351 4291 Brixiensis
364 4246 372 4290 ι
387 4243 492 4309 nsque
514 4245 577 4308 ego
603 4225 681 4309 quid
702 4243 760 4310 per
786 4244 827 4290 ea
848 4225 1048 4309 significetur
1070 4232 1226 4310 exputare

117 4345 270 4410 possum.
286 4325 347 4392 hoe
368 4326 455 4409 scio,
471 4326 566 4392 linem
593 4328 735 4412 paginae
761 4325 854 4392 huius
876 4328 949 4392 libri
978 4328 1156 4411 vigesimae
1177 4347 1225 4394 se-

118 4426 244 4500 oundw
266 4428 300 4493 in
324 4427 435 4495 codice
450 4429 582 4513 antiquo
598 4449 663 4495 non
683 4429 736 4496 bio
750 4429 869 4512 fuisse,
885 4429 943 4495 sed
966 4431 1064 4514 paulo
1082 4435 1156 4494 ante
1171 4427 1225 4494 ubi

118 4535 166 4594 est
180 4529 347 4616 speluncas
369 4532 490 4598 viribus
506 4532 609 4596 altos.
627 4551 730 4626 neque
745 4551 842 4609 vero,
858 4532 959 4620 siquis
984 4531 1034 4596 bio
1057 4535 1153 4600 notae
1167 4530 1225 4598 ali·
