<?xml version="1.0" encoding="UTF-8"?>
<!DOCTYPE html PUBLIC "-//W3C//DTD XHTML 1.0 Transitional//EN"
    "http://www.w3.org/TR/xhtml1/DTD/xhtml1-transitional.dtd">
<html xmlns="http://www.w3.org/1999/xhtml" xml:lang="en" lang="en">
 <head>
  <title>
</title>
<meta http-equiv="Content-Type" content="text/html;charset=utf-8" />
  <meta name='ocr-system' content='tesseract 3.04.00' />
  <meta name='ocr-capabilities' content='ocr_page ocr_carea ocr_par ocr_line ocrx_word'/>
</head>
<body>
  <div class='ocr_page' id='page_1' title='image "./tlucreticarider24carugoog_0298.png"; bbox 0 0 3036 5150; ppageno 0'>
   <div class='ocr_carea' id='block_1_1' title="bbox 634 393 1195 460">
    <p class='ocr_par' dir='ltr' id='par_1_1' title="bbox 634 393 1195 460">
     <span class='ocr_line' id='line_1_1' title="bbox 634 393 1195 460; baseline -0.004 0"><span class='ocrx_word' id='word_1_1' title='bbox 634 397 649 460; x_wconf 93' lang='lat' dir='ltr'>I</span> <span class='ocrx_word' id='word_1_2' title='bbox 1151 393 1195 458; x_wconf 84' lang='lat'><strong>43</strong></span> 
     </span>
    </p>
   </div>
   <div class='ocr_carea' id='block_1_2' title="bbox 19 568 1196 4634">
    <p class='ocr_par' dir='ltr' id='par_1_2' title="bbox 113 568 1193 756">
     <span class='ocr_line' id='line_1_2' title="bbox 181 568 1193 646; baseline -0.005 -13"><span class='ocrx_word' id='word_1_3' title='bbox 181 568 247 635; x_wconf 72' lang='lat'><strong>527.</strong></span> <span class='ocrx_word' id='word_1_4' title='bbox 282 569 386 646; x_wconf 64' lang='lat' dir='ltr'><strong>Quen</strong></span> <span class='ocrx_word' id='word_1_5' title='bbox 422 589 582 633; x_wconf 78' lang='lat' dir='ltr'><strong>snunrun</strong></span> <span class='ocrx_word' id='word_1_6' title='bbox 609 588 730 632; x_wconf 72' lang='lat' dir='ltr'><strong>nonus</strong></span> <span class='ocrx_word' id='word_1_7' title='bbox 761 587 912 630; x_wconf 77' lang='lat' dir='ltr'><strong>rossruu</strong></span> <span class='ocrx_word' id='word_1_8' title='bbox 943 585 1193 630; x_wconf 80' lang='lat' dir='ltr'><strong>orsuruounnn</strong></span> 
     </span>
     <span class='ocr_line' id='line_1_3' title="bbox 113 671 844 756; baseline 0 -24"><span class='ocrx_word' id='word_1_9' title='bbox 113 693 215 735; x_wconf 80' lang='lat' dir='ltr'><strong>mum.</strong></span> <span class='ocrx_word' id='word_1_10' title='bbox 237 671 390 736; x_wconf 82' lang='lat' dir='ltr'><strong>Marullus</strong></span> <span class='ocrx_word' id='word_1_11' title='bbox 412 672 550 756; x_wconf 75' lang='lat' dir='ltr'><strong>epatium</strong></span> <span class='ocrx_word' id='word_1_12' title='bbox 571 693 689 736; x_wconf 69' lang='lat' dir='ltr'><strong>annuo</strong></span> <span class='ocrx_word' id='word_1_13' title='bbox 712 691 844 734; x_wconf 73' lang='lat' dir='ltr'><strong>runnu.</strong></span> 
     </span>
    </p>

    <p class='ocr_par' dir='ltr' id='par_1_3' title="bbox 25 771 1196 1144">
     <span class='ocr_line' id='line_1_4' title="bbox 179 771 1196 854; baseline -0.002 -16"><span class='ocrx_word' id='word_1_14' title='bbox 179 773 247 838; x_wconf 84' lang='lat'><strong>533.</strong></span> <span class='ocrx_word' id='word_1_15' title='bbox 279 795 347 836; x_wconf 81' lang='lat' dir='ltr'><strong>uso</strong></span> <span class='ocrx_word' id='word_1_16' title='bbox 377 795 490 836; x_wconf 79' lang='lat' dir='ltr'><strong>nuum</strong></span> <span class='ocrx_word' id='word_1_17' title='bbox 519 795 555 837; x_wconf 82' lang='lat' dir='ltr'><strong>rs</strong></span> <span class='ocrx_word' id='word_1_18' title='bbox 582 796 691 842; x_wconf 80' lang='lat' dir='ltr'><strong>nrus.</strong></span> <span class='ocrx_word' id='word_1_19' title='bbox 715 772 899 854; x_wconf 78' lang='lat' dir='ltr'><strong>Naugerius</strong></span> <span class='ocrx_word' id='word_1_20' title='bbox 921 792 1047 835; x_wconf 84' lang='lat' dir='ltr'><strong>n1uu1.</strong></span> <span class='ocrx_word' id='word_1_21' title='bbox 1070 771 1196 836; x_wconf 79' lang='lat' dir='ltr'><strong>Veneta</strong></span> 
     </span>
     <span class='ocr_line' id='line_1_5' title="bbox 26 871 1194 958; baseline -0.003 -17"><span class='ocrx_word' id='word_1_22' title='bbox 26 871 32 909; x_wconf 72' lang='lat'><strong>³¹</strong></span> <span class='ocrx_word' id='word_1_23' title='bbox 111 875 191 941; x_wconf 84' lang='lat' dir='ltr'><strong>editio</strong></span> <span class='ocrx_word' id='word_1_24' title='bbox 218 875 323 940; x_wconf 70' lang='lat' dir='ltr'><strong>uuus:</strong></span> <span class='ocrx_word' id='word_1_25' title='bbox 352 875 394 940; x_wconf 88' lang='lat' dir='ltr'><strong>de</strong></span> <span class='ocrx_word' id='word_1_26' title='bbox 423 875 582 942; x_wconf 86' lang='lat' dir='ltr'><strong>Brixiensi</strong></span> <span class='ocrx_word' id='word_1_27' title='bbox 613 875 852 958; x_wconf 86' lang='lat' dir='ltr'><strong>Veronensiqus</strong></span> <span class='ocrx_word' id='word_1_28' title='bbox 887 873 964 938; x_wconf 89' lang='lat' dir='ltr'><strong>mihi</strong></span> <span class='ocrx_word' id='word_1_29' title='bbox 998 893 1062 940; x_wconf 91' lang='lat' dir='ltr'><strong>non</strong></span> <span class='ocrx_word' id='word_1_30' title='bbox 1090 873 1194 955; x_wconf 89' lang='lat' dir='ltr'><strong>magis</strong></span> 
     </span>
     <span class='ocr_line' id='line_1_6' title="bbox 25 975 1194 1062; baseline -0.002 -20"><span class='ocrx_word' id='word_1_31' title='bbox 25 975 32 1053; x_wconf 76' lang='lat'><strong>{²</strong></span> <span class='ocrx_word' id='word_1_32' title='bbox 110 983 215 1043; x_wconf 82' lang='lat' dir='ltr'><strong>mustat</strong></span> <span class='ocrx_word' id='word_1_33' title='bbox 235 997 329 1062; x_wconf 86' lang='lat' dir='ltr'><strong>quam</strong></span> <span class='ocrx_word' id='word_1_34' title='bbox 352 977 393 1044; x_wconf 90' lang='lat' dir='ltr'><strong>de</strong></span> <span class='ocrx_word' id='word_1_35' title='bbox 409 979 551 1043; x_wconf 84' lang='lat' dir='ltr'><strong>Antonio</strong></span> <span class='ocrx_word' id='word_1_36' title='bbox 574 978 780 1044; x_wconf 80' lang='lat' dir='ltr'><strong>Florentino:</strong></span> <span class='ocrx_word' id='word_1_37' title='bbox 804 976 958 1042; x_wconf 80' lang='lat' dir='ltr'><strong>Marullus</strong></span> <span class='ocrx_word' id='word_1_38' title='bbox 981 982 1014 1040; x_wconf 85' lang='lat' dir='ltr'><strong>et</strong></span> <span class='ocrx_word' id='word_1_39' title='bbox 1037 975 1194 1040; x_wconf 82' lang='lat' dir='ltr'><strong>Aventius</strong></span> 
     </span>
     <span class='ocr_line' id='line_1_7' title="bbox 25 1068 216 1144; baseline 0.037 -6"><span class='ocrx_word' id='word_1_40' title='bbox 25 1068 26 1072; x_wconf 25' lang='lat'>¹</span> <span class='ocrx_word' id='word_1_41' title='bbox 110 1081 199 1144; x_wconf 80' lang='lat' dir='ltr'><strong>ruirdr&#39;</strong></span> <span class='ocrx_word' id='word_1_42' title='bbox 209 1129 216 1144; x_wconf 93' lang='lat'><em>.</em></span> 
     </span>
    </p>

    <p class='ocr_par' dir='ltr' id='par_1_4' title="bbox 106 1181 1196 1573">
     <span class='ocr_line' id='line_1_8' title="bbox 175 1181 1194 1267; baseline -0.003 -19"><span class='ocrx_word' id='word_1_43' title='bbox 175 1182 243 1248; x_wconf 81' lang='grc'><strong>542.</strong></span> <span class='ocrx_word' id='word_1_44' title='bbox 272 1184 327 1248; x_wconf 81' lang='lat' dir='ltr'><strong>Da</strong></span> <span class='ocrx_word' id='word_1_45' title='bbox 348 1202 477 1246; x_wconf 76' lang='lat' dir='ltr'><strong>ursino</strong></span> <span class='ocrx_word' id='word_1_46' title='bbox 505 1202 730 1253; x_wconf 76' lang='lat' dir='ltr'><strong>eosnnsuu</strong></span> <span class='ocrx_word' id='word_1_47' title='bbox 760 1202 927 1248; x_wconf 80' lang='lat' dir='ltr'><strong>nonnus.</strong></span> <span class='ocrx_word' id='word_1_48' title='bbox 951 1182 1079 1267; x_wconf 84' lang='lat' dir='ltr'><strong>Optime</strong></span> <span class='ocrx_word' id='word_1_49' title='bbox 1101 1181 1194 1246; x_wconf 83' lang='lat' dir='ltr'><strong>Lam-</strong></span> 
     </span>
     <span class='ocr_line' id='line_1_9' title="bbox 108 1284 1196 1372; baseline -0.001 -24"><span class='ocrx_word' id='word_1_50' title='bbox 108 1284 184 1349; x_wconf 89' lang='lat' dir='ltr'><strong>binus</strong></span> <span class='ocrx_word' id='word_1_51' title='bbox 204 1286 253 1351; x_wconf 80' lang='lat' dir='ltr'><strong>De</strong></span> <span class='ocrx_word' id='word_1_52' title='bbox 280 1285 443 1371; x_wconf 62' lang='lat' dir='ltr'><strong>nimioque</strong></span> <span class='ocrx_word' id='word_1_53' title='bbox 472 1306 617 1350; x_wconf 75' lang='lat' dir='ltr'><strong>annuos</strong></span> <span class='ocrx_word' id='word_1_54' title='bbox 636 1285 773 1372; x_wconf 70' lang='lat' dir='ltr'><strong>fuant.</strong></span> <span class='ocrx_word' id='word_1_55' title='bbox 795 1285 898 1351; x_wconf 88' lang='lat' dir='ltr'><strong>minus</strong></span> <span class='ocrx_word' id='word_1_56' title='bbox 926 1285 1008 1350; x_wconf 87' lang='lat' dir='ltr'><strong>bene</strong></span> <span class='ocrx_word' id='word_1_57' title='bbox 1037 1289 1196 1349; x_wconf 85' lang='lat' dir='ltr'><strong>eorreotor</strong></span> 
     </span>
     <span class='ocr_line' id='line_1_10' title="bbox 107 1385 1196 1475; baseline 0.001 -24"><span class='ocrx_word' id='word_1_58' title='bbox 107 1385 234 1470; x_wconf 75' lang='lat' dir='ltr'><strong>quadrati</strong></span> <span class='ocrx_word' id='word_1_59' title='bbox 249 1401 381 1454; x_wconf 74' lang='lat' dir='ltr'><strong>creola:</strong></span> <span class='ocrx_word' id='word_1_60' title='bbox 403 1387 534 1471; x_wconf 83' lang='lat' dir='ltr'><strong>oblongi</strong></span> <span class='ocrx_word' id='word_1_61' title='bbox 551 1395 710 1454; x_wconf 79' lang='lat' dir='ltr'><strong>eorrooior</strong></span> <span class='ocrx_word' id='word_1_62' title='bbox 729 1390 779 1454; x_wconf 87' lang='lat' dir='ltr'><strong>De</strong></span> <span class='ocrx_word' id='word_1_63' title='bbox 797 1389 897 1453; x_wconf 80' lang='lat' dir='ltr'><strong>ailr&#39;lo</strong></span> <span class='ocrx_word' id='word_1_64' title='bbox 912 1412 993 1475; x_wconf 87' lang='lat' dir='ltr'><strong>quoe</strong></span> <span class='ocrx_word' id='word_1_65' title='bbox 1017 1401 1106 1453; x_wconf 68' lang='lat' dir='ltr'><strong>moue</strong></span> <span class='ocrx_word' id='word_1_66' title='bbox 1127 1387 1196 1475; x_wconf 74' lang='lat' dir='ltr'><strong>‹afo-</strong></span> 
     </span>
     <span class='ocr_line' id='line_1_11' title="bbox 106 1490 392 1573; baseline 0.003 -20"><span class='ocrx_word' id='word_1_67' title='bbox 106 1503 178 1573; x_wconf 76' lang='lat' dir='ltr'><strong>reue,</strong></span> <span class='ocrx_word' id='word_1_68' title='bbox 198 1491 219 1555; x_wconf 72' lang='grc' dir='ltr'><strong>ι’.</strong></span> <span class='ocrx_word' id='word_1_69' title='bbox 241 1490 392 1557; x_wconf 76' lang='lat' dir='ltr'><strong>deerant.</strong></span> 
     </span>
    </p>

    <p class='ocr_par' dir='ltr' id='par_1_5' title="bbox 25 1593 1195 1880">
     <span class='ocr_line' id='line_1_12' title="bbox 174 1593 1194 1663; baseline -0.002 -5"><span class='ocrx_word' id='word_1_70' title='bbox 174 1593 243 1661; x_wconf 86' lang='grc'><strong>552.</strong></span> <span class='ocrx_word' id='word_1_71' title='bbox 276 1613 344 1656; x_wconf 77' lang='lat' dir='ltr'><strong>run</strong></span> <span class='ocrx_word' id='word_1_72' title='bbox 372 1611 541 1656; x_wconf 78' lang='lat' dir='ltr'><strong>cennens</strong></span> <span class='ocrx_word' id='word_1_73' title='bbox 571 1612 762 1656; x_wconf 74' lang='lat' dir='ltr'><strong>munnulus</strong></span> <span class='ocrx_word' id='word_1_74' title='bbox 785 1593 913 1663; x_wconf 82' lang='lat' dir='ltr'><strong>Useun</strong></span> <span class='ocrx_word' id='word_1_75' title='bbox 940 1613 1111 1656; x_wconf 76' lang='lat' dir='ltr'><strong>annuens</strong></span> <span class='ocrx_word' id='word_1_76' title='bbox 1133 1612 1194 1656; x_wconf 83' lang='lat' dir='ltr'><strong>no-</strong></span> 
     </span>
     <span class='ocr_line' id='line_1_13' title="bbox 25 1695 1194 1781; baseline 0.005 -27"><span class='ocrx_word' id='word_1_77' title='bbox 25 1703 26 1736; x_wconf 71' lang='lat'><em>³</em></span> <span class='ocrx_word' id='word_1_78' title='bbox 104 1714 201 1758; x_wconf 72' lang='lat' dir='ltr'><strong>rtur.</strong></span> <span class='ocrx_word' id='word_1_79' title='bbox 223 1695 298 1760; x_wconf 85' lang='lat' dir='ltr'><strong>Itali</strong></span> <span class='ocrx_word' id='word_1_80' title='bbox 315 1701 347 1759; x_wconf 80' lang='lat' dir='ltr'><strong>et</strong></span> <span class='ocrx_word' id='word_1_81' title='bbox 361 1695 511 1779; x_wconf 75' lang='lat' dir='ltr'>impressi</span> <span class='ocrx_word' id='word_1_82' title='bbox 527 1713 598 1760; x_wconf 91' lang='lat' dir='ltr'><strong>eum</strong></span> <span class='ocrx_word' id='word_1_83' title='bbox 613 1701 793 1760; x_wconf 85' lang='lat' dir='ltr'><strong>eorreotore</strong></span> <span class='ocrx_word' id='word_1_84' title='bbox 815 1695 947 1778; x_wconf 83' lang='lat' dir='ltr'><strong>oblongi</strong></span> <span class='ocrx_word' id='word_1_85' title='bbox 962 1697 1194 1781; x_wconf 76' lang='lat' dir='ltr'><strong>materiaeque,</strong></span> 
     </span>
     <span class='ocr_line' id='line_1_14' title="bbox 105 1793 1195 1880; baseline 0.001 -21"><span class='ocrx_word' id='word_1_86' title='bbox 105 1793 245 1862; x_wconf 87' lang='lat' dir='ltr'><strong>Marullus</strong></span> <span class='ocrx_word' id='word_1_87' title='bbox 266 1817 477 1860; x_wconf 70' lang='lat' dir='ltr'><strong>uernum.</strong></span> <span class='ocrx_word' id='word_1_88' title='bbox 505 1817 647 1860; x_wconf 72' lang='lat' dir='ltr'><strong>nonnus</strong></span> <span class='ocrx_word' id='word_1_89' title='bbox 670 1803 830 1862; x_wconf 83' lang='lat' dir='ltr'><strong>eorreotor</strong></span> <span class='ocrx_word' id='word_1_90' title='bbox 852 1797 1000 1880; x_wconf 85' lang='lat' dir='ltr'><strong>quadrati</strong></span> <span class='ocrx_word' id='word_1_91' title='bbox 1024 1803 1056 1862; x_wconf 84' lang='lat' dir='ltr'><strong>et</strong></span> <span class='ocrx_word' id='word_1_92' title='bbox 1077 1797 1195 1862; x_wconf 82' lang='lat' dir='ltr'><strong>ueteri.</strong></span> 
     </span>
    </p>

    <p class='ocr_par' dir='ltr' id='par_1_6' title="bbox 19 1899 1196 3416">
     <span class='ocr_line' id='line_1_15' title="bbox 171 1899 1195 1967; baseline -0.003 0"><span class='ocrx_word' id='word_1_93' title='bbox 171 1899 242 1967; x_wconf 90' lang='grc'><strong>555.</strong></span> <span class='ocrx_word' id='word_1_94' title='bbox 269 1921 424 1964; x_wconf 80' lang='lat' dir='ltr'><strong>sunnon</strong></span> <span class='ocrx_word' id='word_1_95' title='bbox 448 1920 607 1964; x_wconf 78' lang='lat' dir='ltr'><strong>sununrs</strong></span> <span class='ocrx_word' id='word_1_96' title='bbox 627 1920 849 1963; x_wconf 80' lang='lat' dir='ltr'><strong>nnnvnnnan</strong></span> <span class='ocrx_word' id='word_1_97' title='bbox 869 1921 965 1963; x_wconf 84' lang='lat' dir='ltr'><strong>nrurs</strong></span> <span class='ocrx_word' id='word_1_98' title='bbox 983 1951 990 1967; x_wconf 91' lang='lat'><strong>.</strong></span> <span class='ocrx_word' id='word_1_99' title='bbox 1011 1899 1065 1964; x_wconf 88' lang='lat' dir='ltr'><strong>Sio</strong></span> <span class='ocrx_word' id='word_1_100' title='bbox 1085 1899 1195 1964; x_wconf 88' lang='lat' dir='ltr'><strong>oblon-</strong></span> 
     </span>
     <span class='ocr_line' id='line_1_16' title="bbox 102 2001 1196 2088; baseline 0 -22"><span class='ocrx_word' id='word_1_101' title='bbox 102 2019 168 2084; x_wconf 85' lang='lat' dir='ltr'><strong>gus,</strong></span> <span class='ocrx_word' id='word_1_102' title='bbox 194 2003 356 2068; x_wconf 84' lang='lat' dir='ltr'><strong>Antonius</strong></span> <span class='ocrx_word' id='word_1_103' title='bbox 379 2002 495 2083; x_wconf 87' lang='lat' dir='ltr'><strong>Marii,</strong></span> <span class='ocrx_word' id='word_1_104' title='bbox 527 2002 707 2068; x_wconf 85' lang='lat' dir='ltr'><strong>Brixionsis</strong></span> <span class='ocrx_word' id='word_1_105' title='bbox 731 2001 848 2067; x_wconf 86' lang='lat' dir='ltr'><strong>editio:</strong></span> <span class='ocrx_word' id='word_1_106' title='bbox 869 2002 940 2088; x_wconf 80' lang='lat' dir='ltr'><strong>fine</strong></span> <span class='ocrx_word' id='word_1_107' title='bbox 963 2001 1141 2086; x_wconf 80' lang='lat' dir='ltr'><strong>quadratus</strong></span> <span class='ocrx_word' id='word_1_108' title='bbox 1164 2007 1196 2066; x_wconf 87' lang='lat' dir='ltr'><strong>et</strong></span> 
     </span>
     <span class='ocr_line' id='line_1_17' title="bbox 101 2102 1195 2191; baseline 0.002 -25"><span class='ocrx_word' id='word_1_109' title='bbox 101 2102 241 2170; x_wconf 83' lang='lat' dir='ltr'><strong>schedae.</strong></span> <span class='ocrx_word' id='word_1_110' title='bbox 257 2129 415 2170; x_wconf 81' lang='lat' dir='ltr'><strong>summum</strong></span> <span class='ocrx_word' id='word_1_111' title='bbox 426 2105 543 2191; x_wconf 83' lang='lat' dir='ltr'><strong>florem</strong></span> <span class='ocrx_word' id='word_1_112' title='bbox 557 2104 734 2186; x_wconf 82' lang='lat' dir='ltr'><strong>Marullus,</strong></span> <span class='ocrx_word' id='word_1_113' title='bbox 758 2105 1020 2191; x_wconf 82' lang='lat' dir='ltr'><strong>summumfiuem</strong></span> <span class='ocrx_word' id='word_1_114' title='bbox 1035 2110 1195 2170; x_wconf 82' lang='lat' dir='ltr'><strong>eorreotor</strong></span> 
     </span>
     <span class='ocr_line' id='line_1_18' title="bbox 100 2204 1192 2291; baseline 0 -21"><span class='ocrx_word' id='word_1_115' title='bbox 100 2205 232 2288; x_wconf 81' lang='lat' dir='ltr'><strong>quadrati</strong></span> <span class='ocrx_word' id='word_1_116' title='bbox 255 2215 288 2272; x_wconf 86' lang='lat' dir='ltr'><strong>et</strong></span> <span class='ocrx_word' id='word_1_117' title='bbox 310 2207 506 2272; x_wconf 79' lang='lat' dir='ltr'><strong>Veronensis</strong></span> <span class='ocrx_word' id='word_1_118' title='bbox 528 2205 648 2272; x_wconf 85' lang='lat' dir='ltr'><strong>editio.</strong></span> <span class='ocrx_word' id='word_1_119' title='bbox 664 2205 725 2272; x_wconf 87' lang='lat' dir='ltr'><strong>hoo</strong></span> <span class='ocrx_word' id='word_1_120' title='bbox 741 2204 960 2272; x_wconf 86' lang='lat' dir='ltr'><strong>Wakefieldus</strong></span> <span class='ocrx_word' id='word_1_121' title='bbox 980 2206 1113 2291; x_wconf 82' lang='lat' dir='ltr'><strong>probat,</strong></span> <span class='ocrx_word' id='word_1_122' title='bbox 1137 2207 1192 2289; x_wconf 90' lang='lat' dir='ltr'><strong>qui</strong></span> 
     </span>
     <span class='ocr_line' id='line_1_19' title="bbox 99 2305 1193 2394; baseline 0.001 -24"><span class='ocrx_word' id='word_1_123' title='bbox 99 2305 223 2374; x_wconf 85' lang='lat' dir='ltr'><strong>debebat</strong></span> <span class='ocrx_word' id='word_1_124' title='bbox 243 2309 330 2374; x_wconf 85' lang='lat' dir='ltr'><strong>seire</strong></span> <span class='ocrx_word' id='word_1_125' title='bbox 353 2307 438 2374; x_wconf 91' lang='lat' dir='ltr'><strong>huno</strong></span> <span class='ocrx_word' id='word_1_126' title='bbox 460 2314 589 2394; x_wconf 72' lang='lat' dir='ltr'><strong>poetam</strong></span> <span class='ocrx_word' id='word_1_127' title='bbox 602 2309 702 2394; x_wconf 79' lang='lat' dir='ltr'><strong>finem</strong></span> <span class='ocrx_word' id='word_1_128' title='bbox 725 2309 903 2374; x_wconf 81' lang='lat' dir='ltr'><strong>masculino</strong></span> <span class='ocrx_word' id='word_1_129' title='bbox 920 2327 1039 2392; x_wconf 88' lang='lat' dir='ltr'><strong>genere</strong></span> <span class='ocrx_word' id='word_1_130' title='bbox 1060 2329 1125 2374; x_wconf 93' lang='lat' dir='ltr'><strong>non</strong></span> <span class='ocrx_word' id='word_1_131' title='bbox 1148 2307 1193 2372; x_wconf 94' lang='lat' dir='ltr'><strong>di-</strong></span> 
     </span>
     <span class='ocr_line' id='line_1_20' title="bbox 98 2409 1192 2498; baseline 0 -24"><span class='ocrx_word' id='word_1_132' title='bbox 98 2411 195 2477; x_wconf 83' lang='lat' dir='ltr'><strong>xisse.</strong></span> <span class='ocrx_word' id='word_1_133' title='bbox 215 2411 395 2498; x_wconf 79' lang='lat' dir='ltr'><strong>pervadere</strong></span> <span class='ocrx_word' id='word_1_134' title='bbox 423 2417 529 2478; x_wconf 82' lang='lat' dir='ltr'><strong>autem</strong></span> <span class='ocrx_word' id='word_1_135' title='bbox 564 2429 635 2477; x_wconf 90' lang='lat' dir='ltr'><strong>eum</strong></span> <span class='ocrx_word' id='word_1_136' title='bbox 661 2413 846 2478; x_wconf 77' lang='lat' dir='ltr'><strong>aecusativo</strong></span> <span class='ocrx_word' id='word_1_137' title='bbox 878 2413 1080 2476; x_wconf 84' lang='lat' dir='ltr'><strong>ooniunotum</strong></span> <span class='ocrx_word' id='word_1_138' title='bbox 1114 2409 1192 2494; x_wconf 89' lang='lat' dir='ltr'><strong>quid</strong></span> 
     </span>
     <span class='ocr_line' id='line_1_21' title="bbox 99 2512 1194 2600; baseline 0.002 -24"><span class='ocrx_word' id='word_1_139' title='bbox 99 2521 173 2578; x_wconf 88' lang='lat' dir='ltr'><strong>esset</strong></span> <span class='ocrx_word' id='word_1_140' title='bbox 186 2513 291 2579; x_wconf 88' lang='lat' dir='ltr'><strong>Varro</strong></span> <span class='ocrx_word' id='word_1_141' title='bbox 314 2513 424 2578; x_wconf 86' lang='lat' dir='ltr'><strong>doeuit</strong></span> <span class='ocrx_word' id='word_1_142' title='bbox 446 2513 487 2579; x_wconf 86' lang='lat' dir='ltr'><strong>de</strong></span> <span class='ocrx_word' id='word_1_143' title='bbox 509 2513 621 2596; x_wconf 88' lang='lat' dir='ltr'><strong>lingua</strong></span> <span class='ocrx_word' id='word_1_144' title='bbox 636 2514 752 2579; x_wconf 84' lang='lat' dir='ltr'><strong>Latina</strong></span> <span class='ocrx_word' id='word_1_145' title='bbox 773 2535 819 2576; x_wconf 88' lang='lat' dir='ltr'><strong>vn</strong></span> <span class='ocrx_word' id='word_1_146' title='bbox 841 2534 872 2598; x_wconf 90' lang='lat' dir='ltr'><strong>p.</strong></span> <span class='ocrx_word' id='word_1_147' title='bbox 889 2513 967 2580; x_wconf 86' lang='lat'>300:</span> <span class='ocrx_word' id='word_1_148' title='bbox 994 2538 1093 2600; x_wconf 79' lang='lat' dir='ltr'><strong>quare</strong></span> <span class='ocrx_word' id='word_1_149' title='bbox 1108 2512 1194 2598; x_wconf 84' lang='lat' dir='ltr'><strong>quod</strong></span> 
     </span>
     <span class='ocr_line' id='line_1_22' title="bbox 98 2614 1193 2704; baseline 0.003 -26"><span class='ocrx_word' id='word_1_150' title='bbox 98 2627 133 2678; x_wconf 76' lang='lat' dir='ltr'><strong>est</strong></span> <span class='ocrx_word' id='word_1_151' title='bbox 152 2614 297 2701; x_wconf 74' lang='lat' dir='ltr'><strong>‘per-uode</strong></span> <span class='ocrx_word' id='word_1_152' title='bbox 316 2615 434 2702; x_wconf 80' lang='lat' dir='ltr'><strong>polum’</strong></span> <span class='ocrx_word' id='word_1_153' title='bbox 455 2615 575 2701; x_wconf 82' lang='lat' dir='ltr'><strong>inquit,</strong></span> <span class='ocrx_word' id='word_1_154' title='bbox 599 2617 683 2682; x_wconf 79' lang='lat' dir='ltr'><strong>uolet</strong></span> <span class='ocrx_word' id='word_1_155' title='bbox 704 2614 794 2682; x_wconf 83' lang='lat' dir='ltr'><strong>‘uode</strong></span> <span class='ocrx_word' id='word_1_156' title='bbox 809 2641 873 2704; x_wconf 82' lang='lat' dir='ltr'><strong>per</strong></span> <span class='ocrx_word' id='word_1_157' title='bbox 892 2617 1008 2702; x_wconf 82' lang='lat' dir='ltr'><strong>polam’</strong></span> <span class='ocrx_word' id='word_1_158' title='bbox 1032 2615 1093 2699; x_wconf 92' lang='lat' dir='ltr'><strong>(sio</strong></span> <span class='ocrx_word' id='word_1_159' title='bbox 1108 2621 1193 2682; x_wconf 83' lang='lat' dir='ltr'><strong>reolo</strong></span> 
     </span>
     <span class='ocr_line' id='line_1_23' title="bbox 98 2713 1193 2806; baseline 0.005 -28"><span class='ocrx_word' id='word_1_160' title='bbox 98 2713 188 2782; x_wconf 79' lang='lat' dir='ltr'><strong>loeti:</strong></span> <span class='ocrx_word' id='word_1_161' title='bbox 203 2717 410 2784; x_wconf 78' lang='lat' dir='ltr'><strong>Florentium</strong></span> <span class='ocrx_word' id='word_1_162' title='bbox 431 2717 525 2783; x_wconf 80' lang='lat' dir='ltr'><strong>valde</strong></span> <span class='ocrx_word' id='word_1_163' title='bbox 545 2717 627 2784; x_wconf 81' lang='lat' dir='ltr'><strong>vodo</strong></span> <span class='ocrx_word' id='word_1_164' title='bbox 641 2718 858 2806; x_wconf 59' lang='lat' dir='ltr'><strong>permotum:</strong></span> <span class='ocrx_word' id='word_1_165' title='bbox 880 2737 984 2800; x_wconf 87' lang='lat' dir='ltr'><strong>neque</strong></span> <span class='ocrx_word' id='word_1_166' title='bbox 1007 2738 1045 2784; x_wconf 90' lang='lat' dir='ltr'><strong>eo</strong></span> <span class='ocrx_word' id='word_1_167' title='bbox 1067 2723 1193 2783; x_wconf 84' lang='lat' dir='ltr'><strong>veteres</strong></span> 
     </span>
     <span class='ocr_line' id='line_1_24' title="bbox 98 2819 1190 2906; baseline 0.001 -23"><span class='ocrx_word' id='word_1_168' title='bbox 98 2837 233 2904; x_wconf 88' lang='lat' dir='ltr'><strong>umquam</strong></span> <span class='ocrx_word' id='word_1_169' title='bbox 248 2821 345 2887; x_wconf 74' lang='lat' dir='ltr'><strong>aliter</strong></span> <span class='ocrx_word' id='word_1_170' title='bbox 358 2822 409 2887; x_wconf 91' lang='lat' dir='ltr'><strong>usi</strong></span> <span class='ocrx_word' id='word_1_171' title='bbox 425 2825 519 2886; x_wconf 83' lang='lat' dir='ltr'><strong>sunt.</strong></span> <span class='ocrx_word' id='word_1_172' title='bbox 536 2840 599 2903; x_wconf 89' lang='lat' dir='ltr'><strong>quo</strong></span> <span class='ocrx_word' id='word_1_173' title='bbox 621 2819 657 2886; x_wconf 84' lang='lat' dir='ltr'><strong>ot</strong></span> <span class='ocrx_word' id='word_1_174' title='bbox 670 2827 705 2886; x_wconf 86' lang='lat' dir='ltr'><strong>ut</strong></span> <span class='ocrx_word' id='word_1_175' title='bbox 719 2821 771 2886; x_wconf 90' lang='lat' dir='ltr'><strong>hie</strong></span> <span class='ocrx_word' id='word_1_176' title='bbox 786 2839 942 2906; x_wconf 87' lang='lat' dir='ltr'><strong>perversa</strong></span> <span class='ocrx_word' id='word_1_177' title='bbox 956 2821 998 2885; x_wconf 84' lang='lat' dir='ltr'><strong>sit</strong></span> <span class='ocrx_word' id='word_1_178' title='bbox 1012 2819 1190 2904; x_wconf 86' lang='lat' dir='ltr'><strong>sententia,</strong></span> 
     </span>
     <span class='ocr_line' id='line_1_25' title="bbox 22 2921 1193 3008; baseline 0.003 -23"><span class='ocrx_word' id='word_1_179' title='bbox 22 2939 24 3002; x_wconf 67' lang='lat' dir='ltr'><strong>j</strong></span> <span class='ocrx_word' id='word_1_180' title='bbox 98 2922 149 2987; x_wconf 90' lang='lat' dir='ltr'><strong>nisi</strong></span> <span class='ocrx_word' id='word_1_181' title='bbox 172 2925 349 2990; x_wconf 83' lang='lat' dir='ltr'><strong>soribamus</strong></span> <span class='ocrx_word' id='word_1_182' title='bbox 378 2923 423 2987; x_wconf 83' lang='lat' dir='ltr'><strong>ad</strong></span> <span class='ocrx_word' id='word_1_183' title='bbox 443 2947 597 2988; x_wconf 80' lang='lat' dir='ltr'><strong>summum</strong></span> <span class='ocrx_word' id='word_1_184' title='bbox 608 2921 724 3008; x_wconf 86' lang='lat' dir='ltr'><strong>florem</strong></span> <span class='ocrx_word' id='word_1_185' title='bbox 751 2929 807 2990; x_wconf 86' lang='lat' dir='ltr'><strong>aul</strong></span> <span class='ocrx_word' id='word_1_186' title='bbox 833 2922 879 2988; x_wconf 81' lang='lat' dir='ltr'><strong>od</strong></span> <span class='ocrx_word' id='word_1_187' title='bbox 904 2929 1078 2988; x_wconf 82' lang='lat' dir='ltr'><strong>extremam</strong></span> <span class='ocrx_word' id='word_1_188' title='bbox 1097 2922 1193 3002; x_wconf 80' lang='lat' dir='ltr'><strong>finem</strong></span> 
     </span>
     <span class='ocr_line' id='line_1_26' title="bbox 21 3024 1191 3109; baseline -0.003 -17"><span class='ocrx_word' id='word_1_189' title='bbox 21 3041 22 3046; x_wconf 74' lang='grc'>’</span> <span class='ocrx_word' id='word_1_190' title='bbox 92 3027 276 3108; x_wconf 73' lang='lat' dir='ltr'><strong>puuodero.</strong></span> <span class='ocrx_word' id='word_1_191' title='bbox 291 3024 350 3090; x_wconf 87' lang='lat' dir='ltr'><strong>sed</strong></span> <span class='ocrx_word' id='word_1_192' title='bbox 365 3027 473 3090; x_wconf 80' lang='lat' dir='ltr'><strong>verius</strong></span> <span class='ocrx_word' id='word_1_193' title='bbox 489 3031 539 3090; x_wconf 80' lang='lat' dir='ltr'><strong>est</strong></span> <span class='ocrx_word' id='word_1_194' title='bbox 553 3043 575 3088; x_wconf 88' lang='lat' dir='ltr'><strong>a</strong></span> <span class='ocrx_word' id='word_1_195' title='bbox 588 3030 704 3109; x_wconf 70' lang='lat' dir='ltr'><strong>poetae</strong></span> <span class='ocrx_word' id='word_1_196' title='bbox 724 3045 821 3090; x_wconf 89' lang='lat' dir='ltr'><strong>manu</strong></span> <span class='ocrx_word' id='word_1_197' title='bbox 842 3024 903 3090; x_wconf 90' lang='lat' dir='ltr'><strong>hoo</strong></span> <span class='ocrx_word' id='word_1_198' title='bbox 924 3043 1015 3106; x_wconf 83' lang='lat' dir='ltr'><strong>esse,</strong></span> <span class='ocrx_word' id='word_1_199' title='bbox 1040 3045 1191 3108; x_wconf 71' lang='lat' dir='ltr'><strong>sunus,</strong></span> 
     </span>
     <span class='ocr_line' id='line_1_27' title="bbox 97 3124 1192 3214; baseline 0.004 -25"><span class='ocrx_word' id='word_1_200' title='bbox 97 3124 146 3192; x_wconf 89' lang='lat' dir='ltr'><strong>loo</strong></span> <span class='ocrx_word' id='word_1_201' title='bbox 165 3135 213 3193; x_wconf 85' lang='lat' dir='ltr'><strong>est</strong></span> <span class='ocrx_word' id='word_1_202' title='bbox 234 3127 388 3193; x_wconf 83' lang='lat' dir='ltr'><strong>universo</strong></span> <span class='ocrx_word' id='word_1_203' title='bbox 409 3126 541 3194; x_wconf 86' lang='lat' dir='ltr'><strong>vivendi</strong></span> <span class='ocrx_word' id='word_1_204' title='bbox 563 3133 657 3211; x_wconf 84' lang='lat' dir='ltr'><strong>aeto,</strong></span> <span class='ocrx_word' id='word_1_205' title='bbox 685 3130 798 3193; x_wconf 68' lang='lat' dir='ltr'><strong>aetatu</strong></span> <span class='ocrx_word' id='word_1_206' title='bbox 813 3127 993 3214; x_wconf 77' lang='lat' dir='ltr'><strong>peruadere</strong></span> <span class='ocrx_word' id='word_1_207' title='bbox 1005 3128 1107 3214; x_wconf 78' lang='lat' dir='ltr'><strong>finis,</strong></span> <span class='ocrx_word' id='word_1_208' title='bbox 1133 3147 1192 3212; x_wconf 86' lang='lat' dir='ltr'><strong>per</strong></span> 
     </span>
     <span class='ocr_line' id='line_1_28' title="bbox 97 3227 1192 3315; baseline 0.002 -23"><span class='ocrx_word' id='word_1_209' title='bbox 97 3248 177 3297; x_wconf 89' lang='lat' dir='ltr'><strong>omne</strong></span> <span class='ocrx_word' id='word_1_210' title='bbox 191 3231 280 3297; x_wconf 80' lang='lat' dir='ltr'><strong>vitae</strong></span> <span class='ocrx_word' id='word_1_211' title='bbox 296 3231 435 3315; x_wconf 83' lang='lat' dir='ltr'><strong>spatium</strong></span> <span class='ocrx_word' id='word_1_212' title='bbox 451 3229 571 3296; x_wconf 79' lang='lat' dir='ltr'><strong>vadere</strong></span> <span class='ocrx_word' id='word_1_213' title='bbox 585 3251 593 3293; x_wconf 75' lang='grc' dir='ltr'><strong>ε</strong></span> <span class='ocrx_word' id='word_1_214' title='bbox 606 3229 693 3315; x_wconf 78' lang='lat' dir='ltr'><strong>flues</strong></span> <span class='ocrx_word' id='word_1_215' title='bbox 713 3229 798 3295; x_wconf 90' lang='lat' dir='ltr'><strong>enim</strong></span> <span class='ocrx_word' id='word_1_216' title='bbox 820 3231 925 3294; x_wconf 92' lang='lat' dir='ltr'><strong>looum</strong></span> <span class='ocrx_word' id='word_1_217' title='bbox 948 3227 1063 3294; x_wconf 89' lang='lat' dir='ltr'><strong>finibus</strong></span> <span class='ocrx_word' id='word_1_218' title='bbox 1085 3227 1192 3312; x_wconf 87' lang='lat' dir='ltr'><strong>desig-</strong></span> 
     </span>
     <span class='ocr_line' id='line_1_29' title="bbox 19 3332 569 3416; baseline 0.004 -22"><span class='ocrx_word' id='word_1_219' title='bbox 19 3405 21 3416; x_wconf 25' lang='grc' dir='ltr'>Ι</span> <span class='ocrx_word' id='word_1_220' title='bbox 96 3339 193 3398; x_wconf 82' lang='lat' dir='ltr'><strong>natum</strong></span> <span class='ocrx_word' id='word_1_221' title='bbox 216 3333 282 3399; x_wconf 86' lang='lat' dir='ltr'><strong>diei</strong></span> <span class='ocrx_word' id='word_1_222' title='bbox 304 3351 399 3397; x_wconf 92' lang='lat' dir='ltr'><strong>nemo</strong></span> <span class='ocrx_word' id='word_1_223' title='bbox 422 3332 569 3414; x_wconf 79' lang='lat' dir='ltr'><strong>ignorat.</strong></span> 
     </span>
    </p>

    <p class='ocr_par' dir='ltr' id='par_1_7' title="bbox 95 3435 1192 3724">
     <span class='ocr_line' id='line_1_30' title="bbox 166 3435 1191 3506; baseline -0.003 -6"><span class='ocrx_word' id='word_1_224' title='bbox 166 3435 241 3501; x_wconf 92' lang='grc'><strong>562.</strong></span> <span class='ocrx_word' id='word_1_225' title='bbox 263 3454 433 3506; x_wconf 80' lang='lat' dir='ltr'><strong>ououruu</strong></span> <span class='ocrx_word' id='word_1_226' title='bbox 454 3455 666 3498; x_wconf 81' lang='lat' dir='ltr'><strong>nnsronnnu</strong></span> <span class='ocrx_word' id='word_1_227' title='bbox 689 3453 869 3506; x_wconf 78' lang='lat' dir='ltr'><strong>onsuoun</strong></span> <span class='ocrx_word' id='word_1_228' title='bbox 890 3455 1037 3501; x_wconf 87' lang='lat' dir='ltr'><strong>nnuus.</strong></span> <span class='ocrx_word' id='word_1_229' title='bbox 1063 3435 1191 3502; x_wconf 77' lang='lat' dir='ltr'><strong>Correo-</strong></span> 
     </span>
     <span class='ocr_line' id='line_1_31' title="bbox 96 3538 1192 3624; baseline 0.005 -26"><span class='ocrx_word' id='word_1_230' title='bbox 96 3540 137 3599; x_wconf 83' lang='lat' dir='ltr'><strong>tor</strong></span> <span class='ocrx_word' id='word_1_231' title='bbox 155 3538 287 3622; x_wconf 82' lang='lat' dir='ltr'><strong>oblongi</strong></span> <span class='ocrx_word' id='word_1_232' title='bbox 309 3558 435 3600; x_wconf 73' lang='lat' dir='ltr'><strong>norror</strong></span> <span class='ocrx_word' id='word_1_233' title='bbox 456 3561 523 3602; x_wconf 78' lang='lat' dir='ltr'><strong>rem</strong></span> <span class='ocrx_word' id='word_1_234' title='bbox 540 3583 548 3601; x_wconf 92' lang='lat'><strong>.</strong></span> <span class='ocrx_word' id='word_1_235' title='bbox 568 3561 724 3624; x_wconf 84' lang='lat' dir='ltr'><strong>quomque</strong></span> <span class='ocrx_word' id='word_1_236' title='bbox 745 3558 911 3602; x_wconf 80' lang='lat' dir='ltr'><strong>vronuus</strong></span> <span class='ocrx_word' id='word_1_237' title='bbox 935 3543 1094 3603; x_wconf 80' lang='lat' dir='ltr'><strong>corrector</strong></span> <span class='ocrx_word' id='word_1_238' title='bbox 1116 3557 1192 3621; x_wconf 90' lang='lat' dir='ltr'><strong>qua·</strong></span> 
     </span>
     <span class='ocr_line' id='line_1_32' title="bbox 95 3633 501 3724; baseline 0.012 -25"><span class='ocrx_word' id='word_1_239' title='bbox 95 3633 190 3723; x_wconf 75' lang='lat' dir='ltr'><strong>droti,</strong></span> <span class='ocrx_word' id='word_1_240' title='bbox 213 3641 307 3723; x_wconf 80' lang='lat' dir='ltr'><strong>Itali,</strong></span> <span class='ocrx_word' id='word_1_241' title='bbox 331 3639 501 3724; x_wconf 79' lang='lat' dir='ltr'><strong>impressi.</strong></span> 
     </span>
    </p>

    <p class='ocr_par' dir='ltr' id='par_1_8' title="bbox 19 3742 1193 4238">
     <span class='ocr_line' id='line_1_33' title="bbox 168 3742 1191 3814; baseline -0.003 -6"><span class='ocrx_word' id='word_1_242' title='bbox 168 3742 241 3810; x_wconf 87' lang='grc'><strong>569.</strong></span> <span class='ocrx_word' id='word_1_243' title='bbox 263 3743 503 3812; x_wconf 82' lang='lat' dir='ltr'><strong>Anurnuuno.</strong></span> <span class='ocrx_word' id='word_1_244' title='bbox 528 3761 696 3812; x_wconf 82' lang='lat' dir='ltr'><strong>ououruu</strong></span> <span class='ocrx_word' id='word_1_245' title='bbox 719 3763 836 3806; x_wconf 83' lang='lat' dir='ltr'><strong>snunn</strong></span> <span class='ocrx_word' id='word_1_246' title='bbox 853 3742 1191 3814; x_wconf 80' lang='lat' dir='ltr'><strong>nsr.0mitiunioun</strong></span> 
     </span>
     <span class='ocr_line' id='line_1_34' title="bbox 19 3845 764 3930; baseline 0.012 -28"><span class='ocrx_word' id='word_1_247' title='bbox 19 3845 21 3868; x_wconf 86' lang='lat'>&#39;</span> <span class='ocrx_word' id='word_1_248' title='bbox 95 3859 218 3927; x_wconf 90' lang='lat' dir='ltr'><strong>omnes,</strong></span> <span class='ocrx_word' id='word_1_249' title='bbox 239 3851 369 3930; x_wconf 85' lang='lat' dir='ltr'><strong>praeter</strong></span> <span class='ocrx_word' id='word_1_250' title='bbox 390 3849 517 3910; x_wconf 85' lang='lat' dir='ltr'><strong>veteres</strong></span> <span class='ocrx_word' id='word_1_251' title='bbox 540 3845 764 3911; x_wconf 86' lang='lat' dir='ltr'><strong>membranas.</strong></span> 
     </span>
     <span class='ocr_line' id='line_1_35' title="bbox 19 3929 1193 4033; baseline -0.001 -20"><span class='ocrx_word' id='word_1_252' title='bbox 19 3929 20 3958; x_wconf 58' lang='lat'>¹</span> <span class='ocrx_word' id='word_1_253' title='bbox 169 3947 240 4012; x_wconf 77' lang='lat'><strong>571.</strong></span> <span class='ocrx_word' id='word_1_254' title='bbox 263 3967 394 4010; x_wconf 71' lang='lat' dir='ltr'><strong>vneror</strong></span> <span class='ocrx_word' id='word_1_255' title='bbox 417 3967 585 4010; x_wconf 79' lang='lat' dir='ltr'><strong>emrons.</strong></span> <span class='ocrx_word' id='word_1_256' title='bbox 610 3947 698 4013; x_wconf 89' lang='lat' dir='ltr'><strong>Haeo</strong></span> <span class='ocrx_word' id='word_1_257' title='bbox 713 3947 833 4030; x_wconf 87' lang='lat' dir='ltr'><strong>verba,</strong></span> <span class='ocrx_word' id='word_1_258' title='bbox 850 3965 934 4033; x_wconf 90' lang='lat' dir='ltr'><strong>quae</strong></span> <span class='ocrx_word' id='word_1_259' title='bbox 956 3947 1071 4012; x_wconf 86' lang='lat' dir='ltr'><strong>iterum</strong></span> <span class='ocrx_word' id='word_1_260' title='bbox 1086 3948 1193 4032; x_wconf 79' lang='lat' dir='ltr'><strong>posita</strong></span> 
     </span>
     <span class='ocr_line' id='line_1_36' title="bbox 96 4047 1191 4136; baseline 0.007 -28"><span class='ocrx_word' id='word_1_261' title='bbox 96 4054 161 4112; x_wconf 78' lang='lat' dir='ltr'><strong>suni</strong></span> <span class='ocrx_word' id='word_1_262' title='bbox 178 4049 211 4116; x_wconf 92' lang='lat' dir='ltr'><strong>in</strong></span> <span class='ocrx_word' id='word_1_263' title='bbox 224 4049 307 4115; x_wconf 88' lang='lat' dir='ltr'><strong>libro</strong></span> <span class='ocrx_word' id='word_1_264' title='bbox 323 4070 368 4132; x_wconf 88' lang='lat'><strong>11,</strong></span> <span class='ocrx_word' id='word_1_265' title='bbox 383 4049 467 4133; x_wconf 86' lang='lat'>449,</span> <span class='ocrx_word' id='word_1_266' title='bbox 484 4047 651 4133; x_wconf 78' lang='lat' dir='ltr'><strong>proferunt</strong></span> <span class='ocrx_word' id='word_1_267' title='bbox 667 4051 811 4115; x_wconf 83' lang='lat' dir='ltr'><strong>Donatus</strong></span> <span class='ocrx_word' id='word_1_268' title='bbox 826 4071 858 4134; x_wconf 85' lang='lat' dir='ltr'><strong>p.</strong></span> <span class='ocrx_word' id='word_1_269' title='bbox 876 4051 956 4116; x_wconf 83' lang='grc'><strong>1769</strong></span> <span class='ocrx_word' id='word_1_270' title='bbox 972 4056 1004 4116; x_wconf 83' lang='lat' dir='ltr'><strong>et</strong></span> <span class='ocrx_word' id='word_1_271' title='bbox 1017 4051 1191 4136; x_wconf 86' lang='lat' dir='ltr'><strong>Pompeius</strong></span> 
     </span>
     <span class='ocr_line' id='line_1_37' title="bbox 95 4147 1084 4238; baseline 0.004 -24"><span class='ocrx_word' id='word_1_272' title='bbox 95 4147 212 4234; x_wconf 78' lang='lat' dir='ltr'>p.434‚</span> <span class='ocrx_word' id='word_1_273' title='bbox 234 4169 364 4216; x_wconf 84' lang='lat' dir='ltr'><strong>versum</strong></span> <span class='ocrx_word' id='word_1_274' title='bbox 387 4150 461 4216; x_wconf 86' lang='lat' dir='ltr'><strong>libri</strong></span> <span class='ocrx_word' id='word_1_275' title='bbox 484 4151 579 4236; x_wconf 85' lang='lat' dir='ltr'><strong>primi</strong></span> <span class='ocrx_word' id='word_1_276' title='bbox 603 4157 703 4216; x_wconf 86' lang='lat' dir='ltr'><strong>totum</strong></span> <span class='ocrx_word' id='word_1_277' title='bbox 725 4151 851 4218; x_wconf 85' lang='lat' dir='ltr'><strong>Nonius</strong></span> <span class='ocrx_word' id='word_1_278' title='bbox 873 4153 1004 4238; x_wconf 70' lang='lat' dir='ltr'><strong>uano,</strong></span> <span class='ocrx_word' id='word_1_279' title='bbox 1025 4155 1084 4219; x_wconf 88' lang='grc'><strong>19.</strong></span> 
     </span>
    </p>

    <p class='ocr_par' dir='ltr' id='par_1_9' title="bbox 96 4251 1192 4420">
     <span class='ocr_line' id='line_1_38' title="bbox 172 4251 1192 4327; baseline 0.004 -11"><span class='ocrx_word' id='word_1_280' title='bbox 172 4251 240 4318; x_wconf 79' lang='grc'><strong>578.</strong></span> <span class='ocrx_word' id='word_1_281' title='bbox 271 4275 319 4316; x_wconf 88' lang='lat' dir='ltr'><strong>nx</strong></span> <span class='ocrx_word' id='word_1_282' title='bbox 339 4273 509 4317; x_wconf 75' lang='lat' dir='ltr'><strong>snnnnuo</strong></span> <span class='ocrx_word' id='word_1_283' title='bbox 533 4273 704 4318; x_wconf 78' lang='lat' dir='ltr'><strong>rannone</strong></span> <span class='ocrx_word' id='word_1_284' title='bbox 726 4275 872 4327; x_wconf 80' lang='lat' dir='ltr'><strong>Quane.</strong></span> <span class='ocrx_word' id='word_1_285' title='bbox 895 4257 992 4322; x_wconf 87' lang='lat' dir='ltr'><strong>Reelo</strong></span> <span class='ocrx_word' id='word_1_286' title='bbox 1016 4256 1192 4322; x_wconf 89' lang='lat' dir='ltr'><strong>Lambinus</strong></span> 
     </span>
     <span class='ocr_line' id='line_1_39' title="bbox 96 4369 288 4420; baseline 0.005 -1"><span class='ocrx_word' id='word_1_287' title='bbox 96 4369 288 4420; x_wconf 78' lang='lat' dir='ltr'><strong>ouunnuu.</strong></span> 
     </span>
    </p>

    <p class='ocr_par' dir='ltr' id='par_1_10' title="bbox 173 4455 1158 4537">
     <span class='ocr_line' id='line_1_40' title="bbox 173 4455 1158 4537; baseline -0.005 -12"><span class='ocrx_word' id='word_1_288' title='bbox 173 4455 240 4525; x_wconf 85' lang='grc'><strong>580.</strong></span> <span class='ocrx_word' id='word_1_289' title='bbox 264 4457 370 4537; x_wconf 75' lang='lat' dir='ltr'><strong>Qun</strong></span> <span class='ocrx_word' id='word_1_290' title='bbox 391 4477 468 4522; x_wconf 84' lang='lat' dir='ltr'><strong>nou</strong></span> <span class='ocrx_word' id='word_1_291' title='bbox 489 4479 566 4522; x_wconf 81' lang='lat' dir='ltr'><strong>ouu</strong></span> <span class='ocrx_word' id='word_1_292' title='bbox 588 4479 778 4525; x_wconf 80' lang='lat' dir='ltr'><strong>orvnsun.</strong></span> <span class='ocrx_word' id='word_1_293' title='bbox 802 4460 958 4525; x_wconf 86' lang='lat' dir='ltr'><strong>Marullus</strong></span> <span class='ocrx_word' id='word_1_294' title='bbox 981 4479 1158 4524; x_wconf 80' lang='lat' dir='ltr'><strong>ononsur.</strong></span> 
     </span>
    </p>

    <p class='ocr_par' dir='ltr' id='par_1_11' title="bbox 174 4557 1190 4634">
     <span class='ocr_line' id='line_1_41' title="bbox 174 4557 1190 4634; baseline 0 -10"><span class='ocrx_word' id='word_1_295' title='bbox 174 4557 242 4626; x_wconf 90' lang='grc'><strong>584.</strong></span> <span class='ocrx_word' id='word_1_296' title='bbox 275 4579 444 4634; x_wconf 79' lang='lat' dir='ltr'><strong>ouoursu</strong></span> <span class='ocrx_word' id='word_1_297' title='bbox 477 4581 645 4624; x_wconf 81' lang='lat' dir='ltr'><strong>onunaur</strong></span> <span class='ocrx_word' id='word_1_298' title='bbox 681 4584 717 4626; x_wconf 83' lang='lat' dir='ltr'><strong>ru</strong></span> <span class='ocrx_word' id='word_1_299' title='bbox 749 4583 914 4626; x_wconf 76' lang='lat' dir='ltr'><strong>nunnius</strong></span> <span class='ocrx_word' id='word_1_300' title='bbox 947 4583 1043 4626; x_wconf 79' lang='lat' dir='ltr'><strong>siuns</strong></span> <span class='ocrx_word' id='word_1_301' title='bbox 1077 4561 1190 4628; x_wconf 82' lang='lat' dir='ltr'><strong>(lans-</strong></span> 
     </span>
    </p>
   </div>
   <div class='ocr_carea' id='block_1_3' title="bbox 0 0 1522 5150">
    <p class='ocr_par' dir='ltr' id='par_1_12' title="bbox 0 0 1522 5150">
     <span class='ocr_line' id='line_1_42' title="bbox 0 0 1522 5150; baseline 0 6"><span class='ocrx_word' id='word_1_302' title='bbox 0 0 1522 5150; x_wconf 95' lang='lat' dir='ltr'><strong> </strong></span> 
     </span>
    </p>
   </div>
  </div>
 </body>
</html>
