2996 5148
558 447 602 510 Vl

54 640 98 683 nee
117 619 230 702 requies
251 625 320 683 erat
341 619 406 682 ulla
429 618 505 682 nrali
520 641 527 681 :
545 616 672 683 delesse
692 617 840 682 iacebant

16 753 179 816 incorpora.
195 733 360 798 mussabat
381 733 475 798 tacito
499 729 659 798 medicina
683 733 815 816 timore,

51 849 142 931 quippe
159 847 297 930 patentia
321 867 391 912 eum
413 849 530 913 neena
551 867 590 912 ae
613 847 723 910 nuntia
745 847 855 912 mortis

51 961 146 1026 lumina
165 967 326 1028 versarent
348 962 511 1027 oculorum
533 962 678 1046 expertia
699 981 831 1026 aemnc.

53 1075 182 1161 multaque
203 1087 372 1163 praeterea
395 1078 503 1143 mortis
525 1083 591 1142 tum
614 1077 709 1157 signa
731 1076 910 1152 dabantur,

50 1193 202 1275 perturbata
224 1195 320 1260 animi
346 1213 435 1258 mens
456 1192 489 1256 in
513 1212 636 1256 merore
655 1197 823 1275 metuque,

49 1309 114 1371 tn'ste
133 1309 354 1394 supercilium,
370 1307 509 1374 furiosus
530 1308 636 1372 voltus
659 1313 691 1372 et
713 1325 806 1390 acer,

16 1441 38 1482 c
50 1421 173 1488 sollicitae
194 1445 289 1508 porro
315 1425 493 1508 plenaeque
516 1422 686 1488 sonoribus
707 1442 821 1504 aures,

49 1537 133 1601 creber
151 1539 280 1622 spiritus
306 1547 362 1604 aut
382 1540 497 1621 iugens
520 1555 657 1620 raroque
680 1545 828 1621 coortus,

48 1651 204 1736 sudorisque
225 1653 365 1720 madens
388 1673 445 1736 per
466 1653 580 1718 collum
604 1651 789 1737 splendidus
812 1673 921 1735 umor,

16 1819 17 1824 ,
48 1767 126 1831 tenvia
145 1777 236 1854 sputa
258 1769 406 1843 minuta,
422 1767 505 1832 croci
530 1771 678 1834 contacta
701 1767 807 1832 colore

16 1843 17 1872 ¹
49 1881 184 1966 setaque,
200 1903 260 1968 per
282 1883 393 1948 lancea
415 1901 531 1948 raucas
553 1883 606 1946 vix
630 1881 718 1948 edita
740 1881 818 1946 tussi
832 1875 851 1945 .’

16 1993 68 2057 rub
85 1999 213 2062 manibus
235 2017 316 2064 vere
339 1996 427 2062 nervi
449 1995 575 2062 trahere
599 2002 632 2062 et
653 2003 788 2062 tremere
811 2002 900 2062 artus

51 2111 255 2195 rpedibusque
280 2111 458 2177 minutatim
482 2111 654 2178 succedere
676 2110 778 2196 frigus

53 2241 88 2286 mu
106 2226 289 2293 dubitabat:
306 2229 381 2294 item
405 2227 454 2300 ad,
469 2205 650 2312 supremum
675 2227 813 2310 denique
835 2234 961 2311 ternpus

57 2357 208 2422 repressae
228 2361 349 2428 nares,
366 2343 438 2408 nasi
460 2342 609 2428 primoris
630 2359 766 2407 acumen

54 2463 130 2538 eure,
146 2460 248 2523 carati
274 2459 378 2543 oculi,
397 2479 488 2525 cava.
500 2466 664 2541 tempora,
681 2456 800 2538 frigida
821 2456 915 2541 pellis

35 2564 420 2657 11111111110,11111011681113118
442 2571 576 2656 rictum,
592 2570 682 2636 luens
703 2579 791 2636 tenta
812 2571 974 2636 tumebat.

50 2699 87 2745 uer
102 2687 191 2752 nimio
215 2685 315 2771 rigidi
338 2695 411 2770 post
433 2694 521 2752 artus
543 2694 643 2752 morte
665 2686 833 2753 iacebant.

49 2807 191 2885 mareque
213 2803 284 2868 tere
307 2801 456 2867 candenti
479 2801 597 2868 lumine
620 2801 698 2868 selis

48 2920 83 2974 eut
99 2917 184 2980 etiam
207 2935 297 2982 uena
320 2915 498 2982 reddebant
520 2917 669 3002 lampade
692 2917 811 2984 vitam.

47 3046 146 3104 querum
168 3033 271 3116 siquis
294 3032 347 3096 vix
369 3033 484 3096 vitarat
506 3030 619 3099 funera
641 3032 716 3117 leti,

17 3151 37 3194 ru
47 3139 171 3212 ulceribus
192 3147 307 3214 taetris
331 3153 362 3212 et
384 3147 476 3233 nigra
499 3147 646 3232 proluvie
668 3147 731 3212 alvi

46 3261 171 3334 posterius
193 3269 303 3328 tamen
327 3262 410 3328 hunc
432 3263 522 3327 tabes
544 3263 708 3346 letumque
730 3237 901 3336 manebai,

45 3375 183 3441 autetiam
206 3377 327 3443 multus
350 3377 464 3463 eapitis
488 3397 558 3470 cum
582 3397 681 3463 saepe
703 3376 813 3444 dolore

45 3481 184 3572 curruptua'
201 3493 335 3576 sanguis
358 3493 494 3576 expletis
516 3493 646 3560 naribus
667 3493 754 3558 ibat:

46 3597 86 3664 luc
105 3603 236 3672 bominis
259 3613 345 3674 totae
367 3609 452 3674 vires
474 3627 654 3694 corpusque
676 3606 816 3674 fluebat.

18 3715 202 3792 ltprellurium
226 3741 322 3807 porro
346 3722 401 3806 qui
423 3725 516 3790 taetri
540 3723 707 3806 sanguinis
732 3743 805 3788 aere

44 3829 154 3918 exierat,
170 3843 279 3902 tamen
301 3837 333 3901 in
358 3855 473 3903 nervos
495 3837 568 3902 buic
590 3839 720 3904 morbus
742 3847 773 3904 et
795 3844 883 3904 artus

78 4031 214 4046 *m

48 4161 169 4218 lilimari
194 4167 208 4238 ΙΙ
240 4173 307 4222 1180
325 4171 441 4222 ardentia
458 4171 569 4222 morbis.
597 4169 610 4240 ΙΙ
641 4173 707 4224 1186
726 4170 843 4236 spiritum
869 4170 882 4236 ΙΙ
916 4172 980 4221 1187
1001 4187 1103 4221 1111111111.
1124 4169 1138 4240 ΙΙ

47 4247 185 4307 liberanda
214 4255 229 4328 ΙΙ
259 4267 343 4309 tusae.
375 4257 389 4328 ΙΙ
422 4261 488 4310 1192
508 4275 635 4310 suremum
664 4257 678 4328 ΙΙ
710 4267 806 4324 temps.
841 4259 853 4324 ΙΙ
887 4261 954 4310 1195
974 4259 1140 4310 inboretirecet

46 4347 120 4388 ceum
139 4343 151 4406 ri
169 4345 270 4396 menet.
291 4343 304 4413 ιι
327 4349 392 4396 1199
410 4347 496 4412 rigida
515 4343 528 4415 n
554 4347 621 4396 ures
639 4345 690 4396 Avi
710 4343 724 4414 Η
750 4347 816 4396 1199
836 4357 864 4400 ur
881 4357 919 4398 est
938 4345 950 4416 Η
978 4347 1045 4398 1999
1063 4347 1139 4396 viee·

46 4419 97 4470 ibn
118 4435 130 4493 i,
154 4433 219 4482 1205
239 4433 281 4483 cul
297 4433 384 4484 tuuis
