3020 5146
597 401 641 465 lll

63 576 90 635 ct
110 569 171 634 iam
194 577 300 638 cetera
323 571 362 637 de
384 590 503 655 genero
525 569 586 636 hoo
609 591 690 653 quac
712 591 848 653 eumque
871 577 1038 658 secuntur,

62 705 111 748 cur
131 704 170 748 ca
192 695 286 770 sunt,
303 686 364 752 nisi
387 684 473 768 quod
497 705 627 750 vemens
650 685 803 751 violentia
826 687 890 750 vini

63 800 245 865 conturbare
268 801 408 864 animam
431 799 597 866 consuevit
618 819 751 884 corpore
773 801 805 864 in
829 801 928 884 ipso?

64 923 189 996 atquae
213 935 348 998 eumque
372 921 493 996 queunt
514 914 695 979 conturbari
715 915 813 996 inque
837 915 960 1000 pediri,

27 1051 43 1096 o
65 1029 256 1112 significant,
273 1030 369 1115 paulo
394 1031 421 1093 si
444 1029 553 1092 durior
575 1029 741 1095 insinuarit

63 1163 170 1223 causa,
186 1144 258 1210 lore
281 1153 316 1210 ut
339 1153 470 1229 pereant
492 1165 573 1211 aevo
596 1145 721 1229 privata
742 1143 868 1209 futuro.

63 1259 245 1338 quinetiam
269 1260 374 1325 subito
397 1262 428 1326 vi
450 1260 550 1324 morbi
574 1277 672 1341 saepe
694 1264 822 1323 coaetus

61 1379 125 1438 ante
148 1373 258 1438 oculos
280 1373 399 1456 aliquis
420 1381 566 1458 nostros,
583 1379 617 1436 ut
639 1372 778 1438 fulminis
801 1373 885 1450 ictu,

61 1487 184 1550 concidit
206 1493 238 1551 ct
260 1509 391 1572 spumas
415 1490 504 1571 agit,
519 1488 653 1574 ingemit
675 1494 706 1552 et
726 1488 833 1552 tremit
855 1493 966 1570 artua,

27 1621 41 1661 o
62 1601 183 1684 desipit,
201 1609 347 1668 extentat
369 1624 484 1670 nervos
497 1655 505 1683 ,
520 1611 704 1686 torquetur,
722 1601 853 1666 anhelat

60 1718 285 1800 inconstanter,
303 1723 333 1781 et
355 1718 387 1782 in
408 1719 559 1784 iactando
582 1718 725 1783 membra
746 1715 877 1800 fatigat.

60 1829 86 1891 ni
106 1831 234 1916 mirum,
252 1834 330 1915 quia
353 1833 402 1897 vis
423 1808 524 1898 morlii
548 1833 701 1898 distracta
723 1851 781 1916 per
803 1837 891 1895 artus

61 1945 170 2030 turbat,
185 1967 291 2030 agens
314 1948 454 2012 animam
478 1953 624 2033 spumat,
643 1947 734 2029 quasi
756 1947 789 2010 in
813 1965 953 2027 aequore
976 1947 1063 2010 salso

63 2067 210 2125 centorum
234 2061 355 2127 validis
377 2063 556 2128 fervescunt
578 2063 697 2128 viribus
719 2059 848 2127 undae.
1019 2063 1025 2074 '

27 2191 48 2232 n
68 2175 231 2256 crprlmltur
254 2197 351 2260 porro
373 2177 528 2261 gemitus,
546 2178 621 2259 qnia
643 2178 785 2242 membra
807 2175 919 2240 dolore

67 2286 255 2370 adiciuntur,
273 2297 306 2356 et
328 2293 456 2356 omnino
480 2292 566 2373 quod
590 2293 711 2358 semina
733 2291 822 2356 voois

64 2401 196 2468 eiciuntur
220 2411 254 2472 et
278 2425 334 2470 ore
357 2403 444 2470 foras
467 2407 646 2488 glomerata
672 2406 815 2470 feruntur

62 2535 112 2596 qua
132 2519 219 2600 quasi
244 2528 437 2586 consuerunt
460 2529 491 2586 et
513 2529 587 2586 sunt
608 2521 730 2584 inunita
752 2521 838 2585 viai.

59 2627 236 2716 desipientia
261 2633 314 2717 tit,
330 2635 407 2716 quia
429 2637 478 2700 vis
501 2635 599 2700 animi
621 2642 715 2716 atque
738 2635 856 2700 animai

28 2767 39 2800 c
58 2748 252 2813 conturbatur
273 2755 324 2824 et,
341 2757 375 2814 ut
396 2750 508 2833 clooui,
526 2749 632 2814 divisa
654 2769 796 2814 scorsum

58 2857 228 2927 disiectatur
255 2862 368 2928 eodem
391 2863 446 2928 illo
470 2863 624 2930 distracta
646 2885 790 2930 veneno.

55 2973 119 3039 inde
140 2977 192 3041 ubi
216 2977 283 3041 ianr
307 2977 407 3041 morbi
430 2977 553 3044 reflexit
576 2999 694 3056 causa,
710 2967 874 3059 reditque

58 3085 83 3149 in
103 3089 241 3157 latebrae
264 3111 338 3156 acer
360 3093 498 3176 cormpti
521 3095 663 3177 corporis
686 3114 796 3176 umor,

56 3205 108 3265 tum
131 3207 221 3286 quasi
248 3206 424 3272 vaccillans
446 3207 581 3290 primam
603 3207 766 3292 consurgit
789 3213 820 3271 ct
842 3205 945 3270 narnis

29 3316 195 3396 annotarim
221 3319 305 3385 redit
327 3321 360 3384 in
384 3339 495 3386 sensus
518 3322 721 3403 animamque
743 3327 905 3406 receptat.

56 3427 121 3496 hacc
143 3435 239 3516 igitur
261 3435 358 3500 tantis
381 3435 436 3500 ubi
458 3435 577 3500 morbis
600 3455 734 3518 corpore
757 3437 788 3500 in
813 3436 883 3519 ipso

56 3543 196 3613 iactentur
218 3549 409 3630 anserisque
431 3549 535 3614 modis
559 3549 712 3614 distracta
735 3550 899 3633 laborent,

57 3677 101 3722 cur
121 3663 232 3728 eadem
257 3663 362 3729 credis
385 3665 454 3730 sine
476 3685 609 3749 corpore
631 3665 664 3728 in
687 3671 761 3729 aere
784 3671 896 3748 aperto

56 3791 113 3836 cnm
135 3778 250 3844 calidis
272 3778 376 3844 ventis
398 3783 537 3844 aetatem
561 3778 679 3860 degere
701 3781 824 3863 posse?

30 3901 39 3941 l
58 3893 82 3949 et
102 3893 247 3970 quoniam
271 3899 408 3958 mentem
430 3893 556 3978 sanari,
574 3913 689 3978 corpus
712 3899 746 3957 ut
767 3913 917 3977 aegrum,

57 4005 198 4070 cernimus
222 4013 254 4072 et
274 4005 357 4072 flecti
380 4005 540 4072 medicina
560 4027 656 4091 posse
678 4007 842 4086 videnrus,

56 4112 82 4176 iu
101 4137 224 4202 quoque
246 4121 408 4204 praesagit
430 4122 598 4188 mortalem
622 4123 729 4188 vivere
752 4129 911 4188 mentem.

134 4277 155 4282 —
158 4277 242 4286 *——=

58 4355 100 4406 titt
118 4361 199 4411 Corbu
219 4359 233 4432 ΙΙ
253 4365 303 4414 492
324 4377 374 4427 qun
393 4363 407 4432 ll
427 4367 477 4415 49³
497 4381 616 4430 spumans
635 4365 661 4415 in
682 4363 695 4435 ΙΙ
715 4370 765 4416 49ἵ
786 4367 927 4418 Eliciuntur
