3036 5150
314 369 375 437 104
848 373 879 438 11

312 561 431 607 merem
456 561 546 606 sunm
569 548 683 608 tenens
706 543 893 628 ‘utraeque:
914 561 1029 628 nempe
1053 551 1258 628 tempestates
1272 547 1295 609 .'
1316 549 1405 612 nihilo

312 645 418 710 minus
440 643 527 711 idem
550 644 791 729 Wakefieldue‚
815 643 993 730 ‘superflua
1020 647 1214 712 coniectura’
1239 655 1273 713 ut
1293 648 1407 716 videtur

311 747 489 831 Fcrbigero
502 797 510 832 ,
523 747 724 813 verissimum
740 745 896 812 iudicavit
910 731 1080 834 scripsisse
1091 754 1221 834 pubium
1234 752 1319 816 Inter
1329 766 1406 816 tetre

313 851 511 936 quateremur,
535 849 570 914 ‘i
584 869 612 915 c.
628 850 823 916 Interiacent
838 869 878 914 ex
894 856 1031 934 utraque
1045 859 1137 936 parte
1151 853 1173 915 .’
1197 855 1253 937 qui
1268 853 1409 938 quoniam

313 951 516 1036 Lucretium,
540 951 680 1034 uldini,
704 971 879 1036 numquam
893 951 1038 1035 legerat,
1062 953 1145 1018 hanc
1168 958 1284 1021 tmesin
1305 957 1410 1022 ceteris

313 1075 370 1121 sex
383 1055 484 1139 loeis,
501 1055 617 1138 quibus
631 1057 713 1120 ubter
725 1067 876 1140 utrasque
891 1055 1044 1140 scripturn
1061 1063 1150 1122 extat
1164 1057 1226 1143 (ιιι,
1238 1059 1300 1126 306
1316 1079 1342 1144 ι,
1353 1060 1410 1124 472

312 1159 375 1222 476
388 1158 450 1224 839
467 1179 510 1242 ιι,
523 1157 587 1224 362
600 1155 717 1239 1062),
733 1175 798 1222 nen
818 1158 989 1223 convenire
1005 1159 1198 1241 ignorabat.
1214 1168 1249 1226 at
1262 1162 1321 1228 hee
1335 1168 1412 1228 certe

313 1259 425 1326 nidere
446 1266 592 1344 poterat,
621 1279 661 1324 ne
689 1257 740 1323 bie
762 1257 892 1341 quidem
914 1273 1048 1346 utreque
1069 1262 1175 1328 locum
1196 1263 1334 1347 habere,
1355 1264 1412 1330 nisi
1509 1331 1510 1340 ,

314 1365 455 1449 quinque
478 1361 564 1428 erbis
588 1369 745 1428 terrarum
768 1379 867 1426 zonas
889 1361 1069 1448 fingamus,
1100 1365 1141 1431 de
1169 1367 1286 1450 quibus
1308 1367 1412 1431 Lucre

313 1467 377 1531 tins
393 1465 471 1531 nihil
487 1484 623 1548 usquam
639 1463 742 1530 dixit.
764 1479 898 1550 utraque
914 1465 1019 1550 enim,
1043 1465 1084 1532 de
1099 1487 1163 1550 quc
1187 1475 1300 1552 agetm
1321 1469 1362 1535 ad
1381 1470 1412 1533 li·

314 1569 406 1634 brum
422 1590 464 1650 ιι,
476 1567 538 1634 617
553 1616 561 1652 ,
579 1567 704 1633 Nouius
725 1573 811 1632 recte
826 1567 1055 1652 interpretatur
1070 1573 1230 1658 utrimque
1244 1572 1295 1637 eei
1308 1571 1412 1635 utrobi·

314 1696 393 1758 que,
416 1670 563 1754 quamvis
586 1669 708 1735 librarii
732 1689 834 1754 prope
857 1671 987 1752 singula
1009 1672 1078 1737 eius
1100 1673 1203 1738 verba
1223 1674 1414 1759 corruperint

313 1775 346 1838 in
359 1774 443 1839 bunc
454 1771 598 1855 modum,
618 1772 773 1857 Utraaque
779 1797 842 1858 pro
855 1775 1012 1858 utrimque
1022 1775 1241 1862 volucresque,
1255 1798 1286 1861 p.
1297 1777 1362 1856 183,
1368 1775 1412 1840 22.
1509 1831 1510 1840 ,

258 1952 264 1963 Ι
314 1875 372 1942 sed
396 1875 544 1942 versibus
567 1873 769 1938 Lucretianis
797 1873 1088 1940 commodissimum
1110 1884 1161 1942 est
1183 1881 1413 1944 innenarra-

315 2001 386 2051 cua
397 1981 508 2062 iaceat,
519 1975 594 2040 ilem
607 1977 829 2062 Interatraque
840 1978 940 2062 ejqr'tur
948 2001 1018 2042 cam
1029 1979 1113 2044 caeli
1121 1992 1264 2067 tempora
1275 1994 1415 2062 ematurat,

314 2084 530 2166 r'rtterutruque
553 2080 599 2143 ite
620 2091 712 2156 aaut,
729 2083 762 2143 et
783 2085 892 2144 cetera
913 2079 1060 2145 similiter
1075 2129 1084 2146 .
1101 2101 1141 2147 ex
1165 2102 1205 2148 eo
1221 2105 1341 2168 genere
1355 2083 1415 2148 vul-

315 2185 408 2269 garia
423 2189 625 2263 suntantea,
638 2193 766 2266 postea,
783 2183 902 2247 interea
912 2231 921 2264 ,
932 2197 1100 2269 praeterea
1110 2233 1119 2266 ‚
1131 2200 1324 2272 propterea,
1339 2198 1414 2252 uate·

315 2290 374 2353 bac
384 2337 393 2370 ,
399 2287 554 2374 posthac:
571 2289 603 2350 et
619 2283 709 2348 sucre
724 2282 800 2348 clim
811 2285 906 2368 plura
918 2333 926 2368 ‚
937 2287 1191 2372 stipendiariae,
1201 2291 1353 2375 postilla,
1365 2287 1414 2352 ed

314 2413 439 2456 vernum
461 2412 518 2453 ea.
532 2384 593 2452 hcc
615 2384 701 2471 quod
723 2385 835 2451 ultimo
858 2387 929 2452 loce
944 2388 1037 2472 posui
1059 2387 1176 2471 legitur
1198 2391 1232 2455 in
1256 2390 1359 2457 edicto
1379 2388 1415 2454 de

315 2489 573 2556 Bacchanalibus
585 2487 647 2573 24,
662 2491 713 2554 eee'
731 2513 807 2576 quea
830 2503 914 2556 aaut
936 2492 1013 2576 quei
1031 2513 1197 2557 ammaum
1212 2493 1276 2559 ead
1285 2480 1415 2581 fecerent

315 2618 411 2680 quam
432 2591 557 2680 eumad
577 2593 729 2678 cereptum
752 2603 796 2657 eet
816 2639 824 2656 .
843 2596 954 2678 postca
969 2599 1143 2679 propterca
1165 2599 1198 2660 cl
1220 2603 1329 2662 celera
1348 2613 1415 2678 quc

316 2715 390 2760 nam
413 2701 547 2760 accentu
569 2692 765 2778 proferenda
786 2680 851 2759 sint
872 2695 951 2760 sciet
964 2694 1020 2778 qui
1035 2701 1162 2761 veteres
1177 2698 1258 2764 adeo
1280 2695 1416 2763 secunde

315 2802 410 2862 acuta
431 2795 552 2862 dixisse
574 2817 592 2862 e
615 2795 717 2861 Panlo
740 2795 876 2862 diacono
900 2795 1049 2863 didicerit
1069 2818 1100 2883 p.
1119 2799 1180 2864 16.
1276 2811 1278 2814 ·

400 2899 473 2966 520.
497 2903 634 2964 Ancrer
657 2920 825 2970 cucurum
847 2921 1034 2964 nunnoni.
1052 2901 1125 2966 Itali
1140 2909 1173 2967 et
1186 2903 1337 2988 impressi
1352 2903 1415 2966 Aa·

316 3025 450 3087 οιιιιι,
466 3009 501 3068 nt
516 3003 549 3067 in
565 3023 607 3084 ιι,
620 3001 681 3067 377
696 3053 704 3069 .
717 3025 863 3068 mucrone
873 3003 995 3088 primus
1008 3003 1161 3069 Marullus
1174 3055 1181 3087 ‚
1195 3007 1275 3070 utin
1288 3028 1317 3090 v,
1332 3003 1415 3070 1274.

315 3109 438 3173 reticui
444 3112 578 3188 uterque
594 3104 697 3170 codex
713 3104 746 3169 in
761 3126 803 3190 vr,
816 3107 878 3188 66,
903 3106 1080 3188 quadratus
1101 3107 1208 3172 minus
1224 3115 1311 3174 recte
1330 3109 1361 3172 in
1374 3127 1414 3186 m,

315 3210 356 3274 74
371 3216 446 3274 ante
460 3209 606 3276 vocalem
621 3207 751 3274 brevem
767 3215 800 3275 et
814 3209 911 3294 plane
926 3209 1042 3276 vitiose
1057 3210 1091 3274 in
1106 3231 1127 3292 1,
1147 3211 1227 3276 1081
1245 3259 1254 3274 .
1270 3213 1304 3276 in
1320 3209 1414 3276 edicte

314 3311 356 3377 de
372 3309 626 3377 Bacchanalibus
647 3330 745 3376 versu
760 3311 803 3375 22
823 3313 858 3376 iu
880 3311 1078 3378 eeeeutrbm'ci
1089 3359 1096 3376 .
1109 3311 1143 3375 iu
1158 3313 1233 3396 lege
1248 3307 1414 3378 7106023

314 3415 425 3500 querite
454 3413 494 3477 ab
521 3436 555 3478 eo
578 3413 722 3479 deredrbe
748 3416 816 3480 eitra
844 3417 873 3480 t's
895 3438 972 3500 affer
994 3415 1080 3480 locus
1102 3427 1282 3481 testamento
1304 3409 1414 3479 heredi-

313 3516 375 3580 tatr'
386 3513 575 3581 deditiomire
590 3517 711 3581 obvertit
725 3517 917 3583 obverterr‘tce
928 3563 936 3582 .
948 3518 982 3581 in
998 3516 1139 3582 Servilia
1160 3538 1191 3602 p.
1207 3519 1249 3584 67
1274 3517 1313 3583 de
1333 3535 1413 3580 suae-

313 3619 394 3683 tt'oar'
412 3619 536 3684 laciasce
559 3617 657 3706 leqa's.
673 3618 706 3682 iu
728 3618 812 3683 Iulia
834 3617 1017 3703 municipali
1033 3619 1074 3684 38
1094 3643 1156 3706 pro
1175 3621 1336 3706 porticui.

398 3721 472 3788 521.
496 3722 568 3786 Hrn
584 3741 753 3784 rennues
773 3742 899 3785 rannac
915 3743 1060 3785 uncinis
1075 3741 1227 3785 insessa
1248 3739 1413 3785 saurais.

314 3821 498 3900 Quadratus
517 3825 633 3909 stampe
649 3828 681 3887 el
696 3821 817 3908 reyt'dr's
833 3871 841 3888 .
858 3824 891 3888 in
907 3822 989 3888 libro
1005 3843 1048 3905 ιι,
1065 3823 1128 3889 378
1151 3825 1245 3889 Hrrrc
1261 3841 1413 3888 rasurus

313 3917 424 3990 illine}
440 3925 557 3990 deinde
579 3924 675 4007 itali,
699 3925 775 3990 item
797 3925 966 4009 impressi,
989 3928 1074 3992 male
1095 3927 1246 4014 insertae:
1268 3925 1412 3992 Marullus

314 4027 457 4109 insessa,
481 4025 566 4109 qued
582 4025 694 4092 dubito
711 4047 754 4092 an
776 4033 841 4092 tam
864 4029 997 4113 antiquo
1013 4030 1160 4116 scriptori
1175 4049 1240 4094 neu
1253 4030 1335 4095 satis
1348 4045 1413 4092 ceu·

312 4127 443 4192 veniat.
459 4133 544 4193 reete
560 4127 735 4194 Lambinus
751 4151 907 4194 runesrn
927 4135 1079 4217 pruritui:
1101 4135 1210 4217 itaque
1232 4139 1330 4217 pecta
1350 4131 1413 4214 ipse

313 4227 429 4294 iisdem
452 4230 560 4296 verbis
582 4231 616 4295 in
639 4252 669 4314 v,
687 4232 751 4300 760
773 4234 841 4298 toea
853 4235 997 4319 flammis
1011 4235 1149 4320 inescare.
1164 4234 1225 4300 boc
1239 4227 1338 4318 igitur
1352 4231 1412 4296 ium

312 4331 463 4417 probavit
484 4331 666 4399 liridericus
688 4331 826 4402 Iacobus
849 4335 891 4401 ad
914 4341 1052 4404 Aetnam
1075 4358 1105 4422 p.
1124 4337 1184 4403 166
1197 4377 1220 4400 .-

397 4435 471 4502 522.
493 4435 600 4514 Quor>
617 4456 788 4507 occurant
802 4453 1409 4522 nocu1,nnaannreosncnaaaasu

312 4557 385 4614 cus
415 4538 470 4606 Ex
501 4559 572 4605 aec
600 4559 693 4602 anun
721 4561 834 4602 rinna
861 4562 1011 4608 nucnr.
1039 4541 1205 4630 Oblongus
1233 4543 1282 4608 hic
1309 4540 1406 4621 cecc,
