3036 5150
323 311 366 430 To
871 359 886 424 1

323 555 367 618 11,
384 534 447 601 229
463 534 565 598 Anius
580 557 601 598 ο
615 557 690 598 vcro
705 531 795 617 torpe
809 532 931 596 rotrone
945 529 1083 598 recedit.
1098 531 1131 596 in
1145 551 1195 610 ιιι,
1210 529 1273 600 676
1291 527 1372 608 Noa,
1385 539 1415 592 ut

324 640 435 723 operor
447 684 456 718 ,
468 635 505 700 id
519 660 539 700 o
555 635 613 700 leto
628 635 692 700 r'cm
709 633 844 722 torpitu-
855 645 941 698 crrot
953 682 960 698 .
973 633 1087 700 codem
1103 652 1210 700 emere
1226 631 1416 697 membranae

324 738 444 804 babent
464 739 554 824 toupi
572 739 605 804 in
628 759 680 821 rr,
699 737 781 802 1176
803 741 835 800 et
856 735 890 800 in
912 756 965 818 rr,
982 736 1047 802 68.
1176 805 1185 817 ,

410 841 483 906 715.
505 860 789 905 succursores.
811 837 944 904 Servius
967 838 1010 904 ad
1033 839 1179 922 eclogam
1202 860 1255 916 vr,
1271 837 1310 902 31
1332 841 1362 902 et
1380 833 1417 900 ad

324 941 488 1008 Aeneidos
499 964 525 1020 1,
542 944 602 1009 123
612 958 787 1011 nascuntur
795 993 804 1028 ,
817 942 991 1008 memoriae
1002 942 1081 1008 vitio
1094 991 1102 1026 ,
1119 940 1206 1027 qnod
1219 961 1284 1008 non
1295 937 1420 1006 conexit

323 1043 466 1110 Isidorus
490 1045 649 1130 originum
673 1069 752 1128 xm,
772 1046 831 1127 10,
847 1044 889 1110 4.

408 1148 480 1214 718.
510 1146 670 1225 Quorum
694 1167 979 1214 sosuocurruus
994 1196 1001 1210 .
1018 1146 1185 1230 Oblongus
1207 1146 1313 1232 prima
1333 1163 1419 1210 manu

322 1251 895 1337 Apraaantious.llonncnur1nns
916 1250 1113 1316 Veronensis
1136 1247 1238 1318 editio
1261 1255 1294 1314 et
1316 1245 1419 1312 liaml-

322 1354 391 1418 lus.
413 1353 447 1417 in
467 1351 563 1417 Plinii
583 1353 740 1420 naturalis
762 1353 915 1419 historiae
936 1352 1018 1418 libro
1034 1373 1121 1416 xxxv
1136 1355 1168 1430 6.
1180 1352 1223 1418 62
1234 1351 1278 1416 64
1292 1348 1420 1416 1798111·

320 1455 394 1538 gius
409 1455 539 1539 scripsit
553 1456 827 1543 Apropcntc'uum.
843 1475 861 1522 e
877 1455 1032 1540 proximis
1048 1453 1242 1538 glossarium
1259 1472 1281 1518 a
1296 1451 1377 1517 llaio
1391 1449 1419 1513 in

320 1557 527 1622 classicorum
554 1563 718 1624 anctorum
747 1565 833 1624 tomo
856 1579 900 1622 vu
922 1557 1042 1624 editum
1070 1557 1151 1623 haec
1178 1555 1278 1622 habet
1300 1575 1330 1638 p.
1344 1553 1419 1618 set.

323 1660 523 1746 Triquetrom
550 1661 719 1726 Lucretiam
747 1660 889 1746 appellat
915 1684 1012 1746 quom
1040 1659 1196 1746 Virqr'ls'us
1220 1659 1336 1724 Latiae
1358 1655 1419 1720 Τιλ-

319 1764 464 1828 occrs'am
485 1763 627 1830 οοοιίοοι
638 1811 646 1843 ,
669 1760 706 1826 td
727 1775 772 1828 est
793 1764 858 1826 tria
876 1765 1118 1848 promontorio.

404 1865 476 1932 720.
510 1865 765 1935 Auonsrooun
798 1885 916 1928 ruaru
948 1883 1115 1928 narruun
1148 1883 1251 1926 unna
1284 1881 1419 1926 nuruum

319 1989 429 2032 nunus
451 1967 622 2032 Ηιιιιιιιι
650 1987 848 2030 rnaunnnu
876 1987 969 2030 ones
997 1985 1018 2030 ι
1047 1987 1195 2030 russeus
1223 1985 1332 2030 nnus.
1355 1962 1420 2029 Cor·

318 2075 422 2136 rector
437 2070 568 2152 oblongi
584 2071 739 2136 Haeotrbc
755 2117 762 2134 .
778 2067 833 2151 qui
850 2066 910 2133 hoc
925 2074 1031 2134 tuetur
1045 2067 1132 2153 apud
1149 2067 1419 2152 Harercampun‚

319 2172 449 2236 isaacus
462 2171 596 2236 Vossius
611 2175 709 2256 pulo,
726 2169 938 2236 eruditionem
952 2169 1098 2251 Lucretio
1114 2168 1252 2236 minxit
1265 2168 1419 2256 putidam,

318 2293 414 2356 quam
443 2293 547 2356 neque
574 2271 794 2339 Wakefieldns
823 2293 929 2356 nsque
952 2272 1109 2355 Forbiger
1131 2267 1299 2357 e'xplicare
1320 2279 1419 2357 potue

317 2380 412 2457 runt3
435 2373 522 2459 quod
545 2375 641 2441 video
661 2395 745 2442 nunc
761 2375 876 2442 secisse
893 2376 1060 2458 Hugonem
1077 2374 1296 2440 Pnrmannum
1320 2395 1350 2460 p.
1366 2371 1420 2436 24:

317 2483 368 2542 est
393 2483 501 2542 autem
536 2483 605 2542 tota
636 2477 743 2562 posita
773 2478 804 2542 in
832 2497 927 2544 versu
957 2475 1144 2544 callimachi
1173 2476 1227 2560 qni
1262 2483 1312 2543 est
1341 2473 1419 2560 apud
1498 2519 1499 2532 .

318 2579 498 2644 Bentleinm
517 2599 548 2644 n.
566 2579 638 2660 202,
658 2573 790 2666 Ῥήγιον
810 2571 894 2648 ὄλοιο
914 2578 1023 2646 λιπών
1040 2573 1210 2646 ’λοκάοοοο
1231 2573 1419 2652 Αἰολίδαο,

318 2689 349 2747 et
364 2683 397 2745 in
413 2681 463 2746 his
481 2681 611 2746 Diodori
627 2729 635 2764 ‚
655 2701 740 2765 qnae
755 2685 903 2766 leguntur
919 2685 952 2748 iu
967 2683 1048 2748 libro
1065 2703 1094 2766 v,
1107 2683 1137 2766 8,
1153 2677 1283 2749 τούτων
1299 2683 1336 2748 δὲ
1349 2681 1420 2764 (τῶν

315 2778 451 2850 Αἰόλου
473 2777 566 2866 υἱῶν)
581 2775 747 2876 ’tesauros
760 2787 822 2869 μὲν
842 2789 901 2875 τῆς
917 2781 1061 2864 Ἰταλίας
1077 2779 1298 2868 ἀντεχόμενος
1314 2778 1417 2868 ἐβοολ-
1497 2835 1498 2872 3

316 2887 413 2954 λουοι
426 2889 486 2974 τῆς
501 2883 671 2973 παραλίας
685 2889 781 2974 μέχρι
795 2893 861 2956 τῶν
875 2888 958 2956 κατὰ
974 2887 1014 2955 τὸ
1025 2882 1156 2974 Ῥήγιον
1170 2882 1307 2954 τόπων.
1321 2887 1418 2953 rectis-

316 2991 396 3056 sime
412 2991 482 3055 itali
508 3011 628 3075 eosque
650 2993 750 3058 secuti
768 2993 924 3058 Marullus
944 3001 1040 3076 atque
1056 2991 1232 3058 Lambinus
1249 2993 1417 3058 Ιτιιιιι.

316 3091 374 3159 sed
397 3091 516 3158 frustra
538 3093 623 3160 idem
647 3093 822 3160 Lambinus
845 3095 963 3160 Italiac
983 3095 1086 3160 terrai
1103 3118 1202 3160 oras.
1231 3095 1330 3178 paulo
1353 3097 1418 3158 autc

231 3245 234 3252 »
315 3201 413 3280 polita
443 3197 605 3281 triquetris
633 3210 790 3262 terrorum
817 3198 852 3260 ia
879 3200 965 3279 oro,
998 3201 1031 3262 st
1056 3197 1088 3262 in
1112 3217 1165 3278 vr,
1190 3197 1253 3261 713
1277 3200 1312 3262 c'a
1333 3193 1417 3262 torris
1496 3235 1497 3279 p

315 3298 457 3384 Aepppti
480 3299 596 3362 totius.
621 3299 679 3364 sed
708 3298 872 3382 inpriore
900 3318 995 3366 versu
1019 3289 1059 3364 ne
1082 3297 1250 3364 Prisciano
1274 3297 1416 3382 quidem,

315 3399 371 3482 qui
399 3417 471 3462 eum
501 3405 601 3466 totum
631 3399 760 3466 exhibet
781 3421 812 3484 p.
828 3401 912 3484 554,
943 3399 1136 3466 credendum
1165 3407 1215 3466 est
1241 3398 1417 3465 Lucretium

316 3501 396 3565 baec
418 3505 483 3564 tam
505 3502 667 3570 incondite
689 3505 891 3584 cumulasse,
914 3515 1047 3588 arquato
1059 3502 1155 3588 fretu
1177 3501 1295 3568 diuidit
1309 3500 1416 3576 uado,
1495 3585 1496 3590 ἵ

315 3602 505 3687 praesertim
522 3623 592 3668 oum
608 3603 703 3668 modo
720 3603 856 3670 dixisset
867 3604 993 3690 plaucis
1009 3605 1048 3668 ab
1064 3604 1159 3670 undis
1175 3653 1183 3669 .
1202 3601 1415 3670 Wakefieldus
1495 3617 1496 3647 ι

315 3702 455 3769 absurde
471 3703 586 3770 dividet
601 3707 706 3789 alab,
728 3706 820 3789 qnasi
837 3705 954 3772 divisio
971 3705 1012 3770 ab
1028 3706 1179 3790 amplexu
1194 3725 1257 3772 non
1275 3705 1414 3790 differat.

315 3804 517 3872 scribendum
540 3814 590 3874 est
610 3809 812 3896 Aopnstoqac
824 3807 919 3893 fretu
941 3807 1090 3894 rapidum
1113 3808 1414 3875 morationibus·
1494 3875 1495 3878 ,

315 3929 407 3972 unus
424 3955 432 3972 .
448 3907 575 3974 dixerat
589 3909 621 3974 in
639 3909 771 3974 Hecuba
788 3910 908 3976 Lanius
931 3909 1099 3976 undantem
1122 3912 1248 3994 satum,
1271 3916 1306 3975 ut
1328 3915 1413 3974 testu·
1494 3903 1495 3912 ’

314 4021 365 4078 tur
382 4014 506 4079 Nonius
529 4033 560 4098 p.
577 4011 660 4094 223,
677 4012 737 4096 24,
763 4011 902 4076 undanti
921 4013 954 4076 iu
967 4011 1058 4098 freto
1075 4013 1181 4078 Anius
1204 4013 1239 4078 in
1262 4013 1301 4078 lis
1323 4008 1413 4078 versi-

315 4097 478 4198 bns'quos
501 4121 533 4180 et
555 4113 666 4180 Cicero
693 4113 817 4199 profert
842 4113 883 4180 de
911 4119 1028 4178 natura
1056 4112 1189 4178 deorum
1205 4137 1248 4198 ιι,
1265 4116 1306 4182 89
1328 4120 1359 4179 ct
1378 4126 1413 4174 ex

314 4237 353 4284 eo
377 4217 560 4284 Priscianus
582 4237 613 4300 p.
635 4217 735 4283 1325.

400 4320 471 4385 724.
502 4340 640 4382 urrann
664 4339 720 4382 vus
745 4339 788 4381 ur
812 4338 950 4382 cunrar
974 4339 1096 4384 roms.
1119 4319 1297 4386 Lambinus
1318 4319 1364 4384 orb
1383 4325 1411 4378 ul

313 4443 438 4487 ronan
460 4423 565 4508 iocosa.

400 4525 472 4592 725.
496 4544 668 4587 rasurus
692 4523 1064 4590 runouru.Corrector
1079 4523 1210 4608 oblongi
1233 4541 1409 4587 ιιιιιιιιι.
1492 4521 1493 4566 l
