3020 5146
362 482 422 546 100
898 473 942 538 ῙΠ

402 649 442 712 Et
464 647 616 730 quoniam
638 651 704 712 toto
728 647 879 712 sentimus
902 665 1036 732 corpore
1058 646 1166 713 inesse

284 784 333 832 666
360 763 489 828 vitalem
512 783 641 830 sensum
664 766 696 827 et
718 767 818 827 toturn
840 781 913 828 esse
936 762 1077 828 animale
1099 761 1267 846 videmus,

359 879 385 944 si
409 878 513 945 subito
536 876 675 944 medinm
697 877 794 942 celeri
817 876 1010 962 praeciderit
1030 878 1094 943 ictu

357 993 405 1058 vis
428 993 557 1076 aliqua,
574 999 608 1057 ut
630 1011 754 1058 sorsum
777 999 900 1077 partem
922 999 1071 1057 secernat
1093 997 1279 1076 utramque,

357 1107 523 1191 dispertita
544 1108 654 1190 procul
677 1107 773 1172 dubio
798 1125 925 1190 quoquc
948 1107 996 1172 vis
1018 1106 1138 1171 animai

358 1227 390 1287 et
410 1221 548 1287 discissa
570 1221 663 1286 simul
686 1241 756 1285 cum
779 1240 913 1304 corpore
936 1221 1136 1287 dissicietur.

283 1358 333 1404 666
358 1341 392 1401 at
415 1336 501 1418 quod
523 1336 676 1402 scinditur
699 1341 731 1400 et
752 1335 852 1420 partis
876 1334 1012 1400 discedit
1032 1335 1065 1399 in
1088 1335 1190 1412 ullas,

358 1450 674 1536 scilicet,aeternam
697 1450 760 1517 sibi
782 1459 931 1514 naturam
954 1450 1067 1515 abnuit
1090 1469 1182 1516 esse.

358 1566 521 1632 falciferos
544 1571 718 1630 memorant
738 1583 849 1631 currus
871 1563 1037 1630 abscidere
1060 1565 1203 1630 membra

359 1677 526 1765 saepe'ita
548 1682 589 1746 de
612 1681 715 1746 subito
738 1679 896 1763 permixta
919 1679 1017 1745 caede
1040 1679 1194 1762 calentis,

359 1805 391 1862 ut
413 1803 550 1863 tremere
573 1797 605 1860 in
628 1803 712 1860 terra
734 1795 879 1861 rideatur
901 1795 941 1860 ab
964 1796 1096 1861 artubus
1119 1793 1152 1859 id
1175 1795 1262 1876 quod

283 1933 332 1980 ors
358 1911 477 1978 decidit
499 1911 679 1987 abscisum,
696 1927 766 1973 oum
792 1929 880 1974 mens
903 1917 1010 1976 tamen
1032 1915 1128 1992 atque
1150 1909 1288 1975 bominis
1311 1911 1365 1976 vis

359 2027 535 2093 mobilitate
557 2025 634 2090 mali
656 2045 720 2088 non
744 2025 811 2104 quit
834 2025 950 2089 sentire
973 2025 1136 2090 dolorem:

357 2149 389 2209 et
411 2143 510 2207 semel
532 2142 566 2205 iu
588 2159 715 2224 pugnae
737 2138 842 2204 studio
867 2139 953 2220 quod
975 2139 1083 2204 dedite
1104 2159 1196 2206 mens
1219 2147 1287 2225 est,

360 2276 492 2342 corpore
513 2256 636 2338 reliqtto
660 2273 801 2338 pugnarn
825 2253 1007 2336 caedesque
1030 2254 1183 2338 petessit‚

359 2391 417 2437 nec
439 2377 525 2437 tenet
546 2369 698 2435 amissam
721 2367 847 2433 laevam
871 2387 941 2432 curn
964 2368 1103 2451 tegmine
1129 2388 1228 2453 saepe

285 2506 335 2554 666
358 2487 441 2552 inter
463 2505 563 2568 equos
586 2485 739 2550 abstraxe
761 2489 848 2547 rotas
871 2481 1034 2563 falcesque
1057 2503 1213 2568 rapaces,

360 2621 419 2666 nec
442 2599 597 2665 cecidisse
620 2599 704 2662 alius
726 2595 892 2672 dextram,
910 2615 980 2660 cum
1004 2595 1130 2663 scandit
1151 2605 1184 2664 et
1203 2597 1321 2663 instat.

360 2714 435 2781 inde
458 2715 540 2779 alius
563 2717 695 2778 conatur
716 2709 866 2794 adempto
889 2729 1019 2793 surgere
1042 2731 1156 2788 crure,

360 2851 430 2896 cum
453 2828 570 2909 digitos
592 2827 693 2910 agitat
714 2833 844 2910 propter
866 2825 1075 2890 moribundus
1098 2825 1184 2890 humi
1206 2845 1285 2911 pes.

360 2951 391 3010 et
413 2949 509 3028 caput
531 2941 691 3008 abscisum
715 2939 820 3005 calido
843 2939 1032 3022 viventeque
1054 2947 1164 3006 trunco

285 3079 335 3126 666
359 3065 467 3126 servat
489 3058 574 3122 humi
597 3055 713 3120 voltum
737 3057 867 3123 vitalem
890 3055 1066 3138 oculosque
1089 3055 1248 3141 patentis,
1443 3107 1464 3158 ρ

359 3173 461 3238 donec
482 3171 635 3254 reliquias
658 3171 776 3237 animai
798 3171 941 3237 reddidit
962 3189 1093 3236 omnes.
1289 3202 1294 3213 ·
1348 3125 1480 3366 &52
1508 3165 1509 3222 l

360 3289 435 3370 quin
459 3287 553 3352 etiam
575 3285 633 3350 tibi
656 3285 704 3364 si,
720 3286 831 3370 lingua
853 3285 1018 3362 vibrante,
1034 3285 1163 3350 micanti
1420 3271 1477 3372 ¹42?
1508 3335 1509 3344 ,

358 3409 538 3486 serpentem
562 3400 720 3483 cauda‚e
742 3419 875 3484 procero
899 3419 1033 3484 corpore
1056 3399 1233 3483 utrimque,
1379 3355 1444 3408 Μ
1508 3389 1509 3400 ’

359 3518 401 3583 sit
422 3517 545 3582 libitum
567 3517 601 3580 in
623 3516 740 3581 multas
763 3516 864 3600 partis
888 3513 1044 3580 discidere
1067 3513 1172 3590 ferro,

285 3649 335 3698 666
360 3633 468 3698 omnia
490 3632 553 3696 iam
576 3651 700 3698 sorsum
723 3649 834 3696 cernes
858 3629 971 3695 ancisa
993 3629 1111 3694 recenti

361 3748 490 3814 volnere
512 3745 623 3810 tortari
645 3752 675 3809 et
697 3751 813 3810 terram
836 3763 1050 3828 conspargere
1072 3744 1169 3826 tabo,

360 3859 464 3945 ipsam
487 3877 584 3944 seque
607 3865 691 3925 retro
714 3867 838 3944 partem
861 3863 970 3942 petere
994 3877 1049 3923 ore
1071 3857 1230 3942 priorem,

359 3975 500 4042 volneris
523 3974 646 4040 ardenti
670 3979 704 4039 ut
725 3993 833 4039 morsu
857 3979 978 4058 premat
999 3972 1063 4038 icta
1087 3971 1251 4037 dolorem.

361 4157 530 4168 n—-ffl
533 4161 561 4170 .-

364 4275 587 4327 dilaceratus
616 4273 630 4346 ll
658 4279 707 4326 645
726 4275 825 4326 Dieidit
854 4271 869 4343 ΙΙ
898 4277 947 4324 647
967 4273 1041 4324 simul
1071 4270 1085 4341 il
1114 4273 1165 4322 650
1184 4281 1239 4320 rote
1264 4267 1278 4338 Η
1304 4271 1350 4319 cer
1371 4267 1448 4318 istae.
1474 4274 1476 4306 ²
1507 4289 1508 4350 p

364 4365 412 4412 661
433 4365 558 4414 minanti.
579 4361 593 4432 Η
613 4367 663 4414 658
682 4364 810 4428 Serpentis
823 4363 903 4414 caude
919 4377 1024 4427 procero
1045 4359 1058 4430 ΙΙ
1078 4371 1228 4422 utrumque.
1249 4355 1263 4426 Η
1284 4359 1333 4407 662
1351 4366 1447 4405 666666
1467 4398 1470 4411 ,
1507 4351 1508 4358 ³

364 4452 538 4504 66366166.
