3110 5146
660 383 705 447 VI
1173 386 1236 451 395

128 553 282 620 carmina’
300 552 402 636 inqnit
418 553 541 618 ‘mutila
562 559 637 619 sunt
659 559 691 618 et
705 559 895 638 praecerpta
916 573 957 620 ea
972 556 1145 621 incutiant
1166 575 1237 621 sen·

128 676 184 722 sus
207 655 404 722 mulinoelici
426 656 549 741 possit:
565 662 705 722 ceterum
729 655 761 718 in
782 655 918 723 lectione
940 657 1048 741 prisca
1062 658 1109 722 sic
1131 676 1236 723 emcn-

129 758 207 825 data
221 758 368 843 repenle,
384 759 428 824 Ac
450 782 519 824 cnm
534 759 671 824 membro
691 756 803 822 domus
814 761 955 845 percepit
967 760 1121 846 fervidae
1135 761 1236 845 iona,

131 863 210 926 Tam
223 860 267 946 fit
289 859 366 926 oder
387 861 481 926 vs'rs'l
498 860 674 926 rectissime
693 859 745 926 hic
760 859 946 927 emendator
968 861 1057 946 (nam
1073 861 1114 926 de
1129 863 1237 945 prisca

128 961 266 1029 lectione
290 980 370 1028 cave
392 962 450 1027 Pio
473 962 601 1046 credas)
629 964 768 1028 membra
790 983 933 1048 nouus,
951 963 1037 1048 qnod
1060 964 1236 1030 Brixiensis

130 1084 256 1151 quoqne
278 1063 378 1130 editio
400 1062 520 1130 habere
543 1064 662 1148 fertur,
678 1071 711 1130 et
726 1066 858 1148 egregie
880 1071 984 1132 tuetur
1000 1066 1181 1133 Gronovius
1204 1067 1237 1131 in

129 1167 409 1236 observationibus
436 1167 848 1251 alopeconnesus
874 1168 908 1232 in
941 1167 1091 1234 thesauro
1118 1167 1159 1235 de
1188 1169 1236 1234 his

76 1277 77 1282 ’
128 1271 277 1336 membris
291 1269 392 1334 multa
406 1269 547 1354 rettulit,
564 1269 640 1335 item
655 1270 688 1334 in
704 1269 750 1334 rei
763 1269 901 1336 rusticae
912 1270 1104 1354 scriptorum
1115 1270 1236 1354 indice,

129 1371 189 1438 aed
211 1371 356 1455 neglexit
377 1371 560 1437 Lucretium
588 1378 620 1438 et
642 1371 861 1438 Gronovium.
877 1391 973 1457 porro
1004 1373 1123 1457 optime
1150 1371 1236 1438 idem

129 1481 223 1542 vetus
238 1473 425 1540 emendator
440 1473 517 1540 odor
533 1495 632 1558 vnsn,
649 1474 702 1557 qui
718 1473 887 1557 genetivus
903 1480 953 1551 est
967 1474 999 1539 in
1013 1474 1096 1540 libro
1112 1475 1235 1558 11‚476.

129 1595 326 1660 quamquem
347 1576 446 1642 miror
474 1597 545 1644 eum
568 1577 621 1660 qui
648 1575 709 1642 hoc
734 1575 870 1642 vidisset
896 1577 939 1643 ab
969 1577 1055 1642 omni
1078 1575 1238 1642 sententia

90 1699 92 1704 ·
130 1697 204 1744 cum
226 1679 340 1744 ceteris
356 1678 585 1763 Gronovioque
605 1678 675 1763 ipso
698 1678 888 1764 aberrasse,
906 1699 976 1746 cnm
998 1685 1108 1764 posset
1128 1683 1236 1743 tamen

67 1801 72 1812 ·
130 1794 164 1846 αι
178 1780 359 1846 coniunctio
375 1782 428 1848 vel
443 1781 514 1848 sola
533 1780 653 1846 indicio
669 1801 741 1847 esse
762 1787 890 1866 poetam
913 1782 1042 1848 hicnon
1059 1780 1099 1845 de
1121 1779 1189 1846 alia
1203 1800 1237 1846 re

130 1883 238 1949 dicere
260 1901 356 1965 qoam
379 1883 420 1950 de
435 1883 492 1950 illo
508 1883 580 1969 ipso
595 1883 764 1948 carbonam
786 1884 899 1967 odas,
914 1887 948 1950 in
964 1903 1027 1966 qno
1043 1901 1156 1949 versus
1172 1883 1236 1948 dno

130 1985 271 2072 proximi
294 1991 483 2052 vereantur.
499 2004 600 2071 qnare
627 1984 836 2050 notissimum
865 1991 914 2052 est
939 1987 1004 2068 legi
1027 1985 1145 2051 debere
1164 2009 1236 2071 per-

129 2091 212 2175 cepit
233 2107 437 2152 snnvnnnoa
451 2089 518 2154 vsa.
535 2093 675 2154 celerum
694 2087 889 2154 mactabilcm
905 2088 1036 2154 odorem
1060 2095 1091 2154 et
1106 2087 1237 2172 plagam

129 2191 210 2258 nihil
232 2189 321 2256 aliud
344 2209 533 2274 essequam
557 2191 679 2258 letolan
704 2189 782 2256 satis
810 2197 955 2275 apertum
979 2198 1047 2258 est.
1063 2192 1110 2256 ita
1132 2191 1237 2256 Attius

130 2295 166 2360 in
188 2291 305 2360 Medea
326 2291 495 2358 libamem
518 2293 576 2359 leto
597 2293 787 2378 tobiflccdili
796 2341 803 2356 .

217 2397 291 2462 806.
314 2413 457 2459 sunnon
483 2415 520 2457 nn
547 2415 655 2460 nuso.
680 2395 847 2462 eorrector
876 2394 1025 2478 quadrati
1054 2401 1085 2462 et
1108 2396 1180 2462 itali
1203 2397 1237 2461 ia

129 2519 235 2564 snae.
899 2513 903 2525 “

217 2603 288 2668 808.
312 2621 489 2666 saccone
512 2621 629 2664 vsnss
652 2600 930 2672 snanoos.ltali
953 2621 1136 2666 annuunt.

217 2703 289 2770 810.
314 2703 456 2782 Qnsnns
489 2724 648 2768 axunnnn
681 2724 966 2770 sosnnnnsnus.
993 2705 1044 2769 Ila
1077 2711 1109 2770 et
1142 2725 1236 2770 mem-

130 2808 254 2872 branae
268 2813 301 2872 et
317 2806 429 2872 Festus
449 2825 481 2890 p.
492 2805 564 2889 330,
580 2807 619 2872 15
642 2813 739 2890 atque
762 2825 802 2872 ex
824 2825 863 2871 eo
887 2805 1006 2872 Paulus
1030 2827 1060 2890 p.
1078 2807 1157 2890 147,
1174 2809 1236 2872 nisi

130 2908 218 2993 qnod
240 2907 327 2992 apud
348 2907 406 2973 hos
421 2908 538 2988 Quales
560 2909 715 2994 scriptum
737 2914 807 2974 cst.
823 2907 920 2973 iidem
936 2907 1181 2992 Scaptensulam
1204 2911 1237 2974 in

131 3011 323 3078 Macedonia
335 3008 548 3076 essetradunt
569 3016 603 3076 et
624 3029 645 3076 a
667 3007 821 3076 fodiendo
844 3009 982 3094 dictam,
999 3029 1070 3075 cnm
1090 3011 1123 3076 in
1138 3011 1238 3078 Thra·

130 3115 181 3180 cia
195 3112 405 3180 Macedoniae
428 3121 519 3194 parte
534 3112 576 3178 sit
598 3119 666 3178 eta
688 3111 758 3178 solo
780 3111 920 3178 silvestri
939 3113 1027 3178 fosso
1049 3132 1166 3179 nomen
1182 3114 1237 3179 dn·

130 3217 233 3284 serit.
249 3235 324 3281 nam
346 3214 485 3280 Fabrnm
508 3233 617 3280 errare
638 3221 737 3300 puto,
753 3233 825 3280 oum
847 3233 964 3280 nomen
990 3217 1143 3298 generale
1165 3237 1238 3283 esse

129 3319 228 3402 dicit,
245 3337 309 3402 qno
324 3317 461 3384 materia
475 3317 596 3383 fossilis
608 3315 825 3401 significetur,
841 3315 875 3382 id
891 3323 939 3383 est
954 3318 1137 3384 metallum.
1154 3318 1237 3384 hunc

130 3429 238 3488 tamen
254 3419 424 3486 Cracchins
447 3425 479 3486 et
497 3419 719 3486 Wakefieldus
741 3439 813 3485 cum
834 3420 975 3486 servitiis
997 3428 1165 3506 secuntur,
1182 3422 1236 3505 qni

129 3545 247 3591 nomen
264 3522 495 3608 appellativum
518 3523 659 3608 iaciunt,
677 3523 832 3589 Daccrius
848 3521 985 3589 eundem
1005 3542 1065 3588 suo
1081 3543 1168 3590 more
1184 3545 1237 3590 cx-

129 3627 211 3712 pilat
233 3624 276 3690 od
296 3625 448 3690 Festum.
464 3625 592 3690 llltllleri
615 3626 716 3692 verba
737 3626 880 3710 subieci,
896 3645 979 3709 quae
1002 3626 1077 3692 aliis
1100 3610 1238 3692 sortasse

129 3729 270 3796 clariora
298 3727 362 3793 sint
382 3746 480 3810 qnam
503 3726 601 3792 mihi.
617 3725 697 3794 ‘Hoc
723 3728 897 3814 oppidum,
913 3728 1112 3812 Thucydidis
1139 3729 1237 3794 exilio

129 3829 353 3908 nobilitatum,
369 3830 504 3914 primum
515 3819 652 3915 Σκᾰπτὴ
664 3826 745 3918 ὕλη,
762 3831 880 3898 deinde
894 3831 1037 3914 genitivo
1050 3832 1082 3897 in
1093 3831 1236 3896 nomina-

129 3936 231 4000 tivum
247 3931 371 4000 deflexo
386 3928 610 4020 Σκαπτησύλη
633 3933 819 4018 dicebatur,
836 3934 1049 4019 Scaptensula
1070 3938 1177 4000 antem
1196 3953 1237 3998 ex

130 4036 232 4102 tribus
255 4034 384 4102 casibus
412 4037 532 4102 factum
559 4037 702 4121 pessima
723 4035 956 4102 consuetudine
978 4037 1142 4102 invaluit!
1160 4037 1236 4101 mihi

130 4145 251 4204 cenom
274 4137 401 4204 videtur
423 4139 656 4224 Scaptcsylitas
683 4138 716 4202 in
739 4139 865 4205 nomine
888 4159 947 4205 suo
969 4139 1074 4221 sigma
1096 4137 1236 4204 litteram

130 4241 162 4306 in
184 4241 284 4306 alone
298 4240 455 4306 vocabulo
471 4262 511 4307 cx
524 4241 637 4306 ultima
651 4239 843 4323 antiquitate
861 4239 1030 4306 deductam
1046 4240 1236 4324 retinuisse,

131 4344 162 4408 in
186 4361 250 4426 qno
273 4342 409 4408 aliarum
431 4343 598 4427 regionum
621 4343 794 4428 scriptores
817 4362 917 4408 asna
939 4342 1169 4408 consuetudine
1184 4343 1237 4408 de·

130 4443 258 4512 flectcre
280 4465 344 4510 uon
367 4447 529 4530 potuerint
550 4448 760 4531 (quamquam
781 4445 813 4509 in
836 4447 1044 4530 inscriptione
1060 4446 1168 4512 Attica
1188 4452 1238 4512 est

132 4549 426 4628 anonomaston,
443 4549 475 4613 in
492 4567 626 4633 conpore
642 4547 884 4634 inscriptionum
900 4547 1097 4614 Graecarum
1119 4567 1150 4612 n.
1166 4547 1235 4636 146,
