3052 5144
549 431 593 494 lll

34 621 154 685 suppus,
171 609 201 664 et
222 601 254 665 in
276 606 363 664 terra
384 601 500 664 mentis
523 600 576 683 qui
598 601 739 683 gignitur
761 609 888 679 aestus,

34 716 249 797 interdumque
273 716 363 798 quasi
386 715 559 798 exurgendi
582 715 704 780 incerta
727 715 894 782 voluntas.

35 849 98 910 orgo
119 850 296 914 corpoream
321 837 466 894 naturam
490 829 587 894 aninri
611 849 682 894 csse
705 838 886 915 necessest,

36 945 173 1027 corpmreis
195 944 346 1026 quoniam
370 943 444 1008 telis
465 944 592 1026 ictuque
615 944 761 1008 laborat.

67 1059 93 1122 ls
112 1058 162 1122 tibi
185 1079 265 1122 nunc
288 1059 411 1122 animus
434 1057 522 1140 quali
545 1059 586 1123 sit
609 1077 742 1141 corpure
765 1064 796 1122 et
817 1058 901 1125 unde

36 1173 183 1237 coasbterit
203 1192 335 1256 pergam
359 1173 514 1238 rationem
538 1172 673 1238 reddere
696 1172 810 1237 dictis.

36 1287 165 1370 principio
188 1307 259 1352 esse
282 1287 335 1351 aio
359 1287 564 1371 persuptilem
588 1291 684 1368 atque
707 1287 832 1352 minutis
874 1353 876 1356 ,

35 1419 164 1483 perquam
186 1401 371 1486 corporibus
394 1399 513 1464 laetmn
536 1406 702 1466 constare.
720 1401 751 1464 id
773 1401 819 1466 ita
842 1421 913 1468 esse

35 1513 93 1578 hinc
112 1516 180 1580 licet
201 1515 352 1580 advertas
374 1516 513 1580 animum
537 1521 570 1578 ut
591 1534 780 1599 pernoscere
800 1517 925 1599 pessis.

35 1629 70 1692 nil
89 1629 160 1695 adeo
183 1631 249 1695 lieri
272 1631 370 1696 celeri
394 1629 517 1694 ratione
540 1629 684 1706 videtur,

38 1763 113 1822 qnam
134 1746 188 1810 sibi
212 1765 302 1810 mens
325 1743 394 1808 fieri
417 1743 566 1827 proponit
589 1725 620 1807 et
641 1744 770 1808 inchoat
791 1744 882 1828 ipsa:

38 1858 105 1922 artius
125 1879 196 1942 ergo
218 1851 345 1923 animus
368 1878 464 1939 quarn
488 1877 594 1924 resse
617 1859 737 1942 perciet
760 1859 845 1938 ulla,

20 1981 93 2035 ¹nom
112 1973 213 2038 oculos
237 1994 370 2056 sparorum
395 1973 426 2036 in
449 1979 596 2057 promptu
618 1979 733 2037 natura
754 1971 897 2038 videtur:

41 2099 63 2147 at
80 2089 150 2168 «procl
172 2089 290 2154 mobile
314 2094 402 2152 tanto
427 2094 571 2173 operest,
588 2094 735 2152 constare
755 2089 901 2154 rutundis

42 2220 160 2284 perquam
183 2204 361 2268 seminibus
384 2202 479 2267 (lebet
501 2222 719 2286 perquamque
744 2203 892 2285 minutis,

44 2317 148 2380 roomiue
170 2319 212 2382 uti
236 2338 338 2402 poarvo
361 2317 485 2402 possint
507 2317 636 2400 inpulsa
655 2318 796 2382 nrorcri.

41 2448 146 2512 rraorqoe
167 2441 310 2498 rnovctur
332 2452 418 2514 aqua
441 2438 472 2497 et
494 2433 616 2496 tantillo
641 2433 778 2497 momine
800 2431 906 2517 liutet,

20 2544 131 2630 rquippe
150 2547 345 2612 volubilibus
372 2546 542 2630 parvisque
565 2553 672 2612 ereata
694 2546 824 2628 liguris.

38 2666 63 2719 st
80 2665 175 2726 contra
198 2661 303 2726 mellis
325 2661 520 2727 constantior
543 2666 591 2726 est
615 2667 724 2725 natura

38 2780 61 2834 ct
79 2774 146 2858 pigri
166 2777 279 2842 latices
302 2776 406 2858 aragia
428 2783 460 2842 et
482 2775 656 2842 cunctatior
680 2781 790 2841 actus:

39 2885 125 2952 haeret
145 2893 224 2956 eninr
248 2891 331 2955 inter
354 2911 389 2956 sc
412 2891 514 2976 magis
537 2891 639 2957 onrois
662 2890 807 2956 materiai

39 3003 128 3086 copia,
143 3007 173 3070 ni
196 3007 328 3090 oricum,
345 3007 420 3088 quia
443 3027 506 3072 non
529 3013 592 3072 tam
616 3006 739 3071 levibus
762 3011 849 3070 extat

20 3119 194 3199 »corporibus
216 3142 321 3204 neque
345 3129 409 3186 tam
433 3121 602 3208 suptilibus
625 3127 721 3201 atquc
741 3120 905 3184 rutundis.

40 3247 152 3312 namque
173 3237 344 3320 papaveris
368 3257 447 3302 eura
469 3243 574 3321 potest
595 3254 756 3320 suspensa
778 3234 920 3316 lorisque

40 3363 131 3422 urgere
151 3355 183 3412 ut
204 3352 245 3415 ab
269 3371 392 3416 summo
414 3351 471 3416 tibi
493 3349 615 3414 cliltluat
637 3349 720 3414 altus
746 3369 899 3425 acervus,

40 3463 64 3516 at
82 3469 178 3527 corrtm
199 3465 342 3550 lapidum
365 3466 542 3532 conlectum
566 3464 693 3548 spiritus
717 3483 791 3528 acer

40 3589 123 3638 rroeou
142 3585 261 3660 potest.
278 3581 374 3662 igitur
396 3580 586 3663 parvissima
609 3599 743 3662 corpora
765 3599 821 3662 pro
845 3597 949 3676 quam

20 3695 64 3746 ra
82 3687 228 3760 levissima.
250 3701 343 3779 sunt,
362 3695 406 3760 its
427 3695 604 3760 mobilitate
627 3692 793 3758 fruuntur:

42 3807 181 3870 utcontra
203 3830 286 3896 quae
309 3829 442 3894 cumque
465 3809 570 3891 magis
594 3829 663 3874 cum
686 3808 827 3892 pondere
850 3827 965 3891 magno

42 3931 192 4001 trupemque
213 3923 432 4010 inveniuntur,
450 3945 488 3990 eo
511 3923 652 3990 stabilita
674 3921 776 4004 magis
798 3927 890 3984 sunt.

45 4045 108 4094 nunc
126 4033 215 4115 igitur
237 4039 387 4121 quonism
411 4046 459 4104 cst
481 4038 577 4104 animi
600 4043 713 4102 natura
735 4040 861 4120 reperta

46 4189 215 4212 κ--ι-

50 4295 86 4340 1ῖ3
101 4296 180 4352 Suavis
199 4303 213 4372 ll
232 4317 326 4355 mentes
348 4305 361 4374 ,Ι
383 4310 431 4355 rte
450 4306 570 4370 Corporis
591 4301 604 4375 ll
627 4307 675 4354 183
693 4305 713 4354 si
735 4301 748 4375 ll
771 4305 818 4354 las
838 4302 980 4356 coniectum
998 4302 1135 4370 spicarum-

48 4395 98 4440 ¹l¹¹t·
116 4383 127 4454 ll
145 4393 191 4442 203
208 4403 245 4447 est
263 4395 402 4445 coriorum.
