3052 5150
661 389 711 453 111
748 361 749 364 ‘
1175 388 1239 454 205

136 560 297 644 glossariis
302 561 474 645 flosculum
497 564 528 624 et
539 559 717 646 fecetalam
737 559 889 643 invenio,
906 559 992 644 apud
1008 559 1146 626 Nonium
1160 561 1239 647 fiae-

136 663 229 728 aiam
251 669 284 728 et
306 661 545 749 querquetularia
567 683 597 746 p.
609 661 662 745 48,
675 662 718 728 20
728 663 801 748 274,
817 663 853 726 11
867 663 919 747 91,
930 661 972 745 4,
989 661 1074 746 apud
1090 663 1240 729 Plautum

135 766 164 830 in
178 765 333 830 Asinaria
347 786 393 848 ιιι,
405 764 435 847 3,
452 763 512 852 104
527 769 559 830 et
582 765 615 828 in
631 763 775 849 Captivis
789 786 820 850 v,
833 765 896 850 4‚5
917 765 1131 830 monaulum.
1148 765 1239 830 Luci·
1308 841 1315 854 ,

134 867 165 932 111
187 863 275 954 apud
298 867 439 932 Nonium
462 865 611 932 versiculi
633 867 680 932 sic
702 868 833 951 legendi
855 873 950 951 suut,
972 879 1001 933 et
1022 869 1139 932 circum
1162 867 1237 932 voli·

134 984 195 1035 tant
206 971 361 1057 ficedula,
378 969 469 1035 turdi
481 969 596 1036 (iurati
614 971 711 1034 scite:
726 970 798 1036 libri
805 971 955 1057 ficedulae
970 975 1002 1034 et
1020 969 1139 1034 coraus
1154 970 1223 1034 soci
1230 1018 1238 1032 .

133 1073 171 1138 de
193 1073 326 1157 camela,
343 1091 427 1156 quae
450 1071 603 1137 canedulo
625 1071 741 1136 dicitur
769 1073 802 1138 in
829 1072 997 1156 glossariis
1020 1071 1163 1136 Labbaei
1185 1071 1240 1153 (ea

133 1175 264 1240 Graecis
286 1180 336 1240 est
349 1167 462 1259 κοιίλη
484 1172 593 1239 media
607 1172 737 1259 syllaba
757 1173 949 1259 producta),
966 1173 1142 1258 expectabo
1158 1172 1239 1237 iudi-

132 1277 212 1344 cium
225 1276 421 1342 doctiorum.
434 1295 473 1342 ac
483 1274 580 1342 video
592 1275 765 1342 Bitschelio
777 1277 819 1342 ad
831 1277 1052 1342 Trinummum
1063 1297 1095 1361 p.
1103 1297 1238 1339 conxxrx

132 1379 261 1464 probari
284 1380 424 1445 mesilam
446 1377 554 1444 media
576 1384 741 1464 correpta.

217 1483 309 1548 1016.
333 1503 379 1546 on
403 1501 496 1545 sexo
520 1502 654 1546 ruerus
678 1503 823 1547 nosuu.
844 1483 979 1548 Prorsus
1000 1482 1237 1566 egregicLam·

5 1627 6 1634 .
131 1585 225 1650 binus
247 1587 340 1650 iacta’
363 1605 558 1656 nsonsuu.

5 1746 6 1750 ,
217 1687 309 1753 1011.
331 1687 1236 1773 Vaassen,csnnrrrcns‚aosua‚erx,rasurus,

5 1791 6 1796 ’
131 1811 271 1856 asans.
289 1788 473 1869 Quadratus
489 1791 669 1875 camafieis.
686 1797 753 1855 tum
767 1791 910 1857 eiusdem
926 1797 1085 1857 corrector
1101 1793 1237 1874 lamma,

130 1894 238 1977 itaque
253 1893 394 1958 Venetus
407 1891 514 1958 editor
536 1898 568 1958 ct
582 1887 757 1958 Marullus.
774 1893 835 1959 hoc
850 1895 969 1960 rectius
984 1893 1132 1958 scribitur
1146 1913 1236 1955 nnu-

128 2015 218 2059 urse
232 2017 241 2080 3
257 1995 307 2060 cui
323 2013 379 2059 cur
396 1995 573 2060 breviorem
590 1993 745 2080 formam,
762 2015 845 2079 quae
861 2003 909 2060 est
924 1997 1051 2079 lamma,
1068 1995 1124 2060 Ph.
1138 1995 1236 2078 Wag-

128 2119 226 2165 nerus
242 2097 410 2164 adversari
426 2097 512 2162 dicat
534 2097 566 2161 in
588 2097 820 2181 orthographia
835 2098 1021 2182 Vergiliana
1042 2097 1150 2183 p.444
1172 2118 1236 2163 non

123 2211 305 2284 'assequor.
326 2200 495 2264 lamminae
516 2199 604 2282 apud
628 2199 820 2266 Frontonem
842 2222 873 2286 p.
890 2201 972 2283 240,
995 2202 1147 2266 lammina
1161 2200 1238 2266 Pru-

129 2303 258 2372 dentius
279 2303 403 2369 Heinsii
424 2302 494 2387 peri
517 2301 619 2387 steph.
631 2302 661 2386 5,
675 2303 736 2387 62,
753 2303 801 2370 sic
822 2311 913 2371 vetus
935 2304 1042 2369 Plauti
1065 2303 1099 2368 in
1120 2303 1236 2369 Asina-

129 2407 177 2472 ria
205 2427 250 2489 m,
266 2405 297 2489 2,
312 2405 353 2489 4,
370 2403 473 2471 codex
500 2404 633 2471 Arnobii
659 2405 742 2470 libro
770 2427 804 2470 vr
829 2428 861 2493 p.
876 2407 957 2492 201,
977 2405 1108 2472 Tacitus
1137 2405 1238 2471 Medi·

129 2527 206 2575 ceus
227 2506 432 2573 historiarum
447 2529 469 2586 r,
482 2508 522 2574 19
537 2555 545 2593 ,
562 2527 622 2574 nec
644 2506 755 2573 debuit
770 2510 878 2594 sperni
901 2509 935 2575 in
951 2508 1060 2576 Ovidii
1083 2508 1237 2576 fastorum

128 2610 247 2696 1,208.

217 2713 311 2778 1019.
333 2731 555 2784 roannrous
577 2734 803 2780 sneusnurs.
825 2715 935 2782 Potest
962 2714 1080 2799 aliquis
1107 2716 1163 2780 ari
1182 2712 1237 2780 fla-

128 2815 246 2899 gellis,
267 2816 386 2880 torrem'
397 2835 461 2880 nou
477 2821 603 2901 potest.
620 2817 660 2882 N.
683 2818 833 2884 Heinsius
856 2818 889 2883 in
911 2817 1108 2884 adversariis
1130 2839 1162 2902 p.
1178 2819 1236 2882 111

128 2931 329 3005 torquetque.
346 2917 403 2984 sed
425 2917 486 2982 boc
501 2937 629 3002 quoquc
649 2919 803 2985 nimium:
820 2921 898 2986 satis
922 2925 971 2986 est
991 2919 1117 2986 adlaa'bet
1130 2921 1237 2986 atama-
1304 2907 1307 2910 ¹

129 3022 175 3086 loe
197 3041 420 3091 mensuruus
431 3021 599 3108 flagellis.
1184 3019 1190 3086 ’.

218 3123 310 3189 1031.
334 3143 449 3186 surus
471 3144 532 3186 rau
554 3144 742 3190 accusas.
759 3125 810 3190 Ita
825 3124 1005 3207 oblongus:
1021 3124 1054 3189 in
1077 3119 1236 3208 quadrato

129 3228 202 3313 ipsa
216 3226 329 3312 ‘prima
343 3244 456 3292 manus
479 3246 520 3292 ex
541 3251 563 3292 a
579 3227 655 3292 fecit
676 3253 716 3294 a.
732 3229 766 3293 in
789 3227 906 3312 mosa
928 3235 1063 3312 uterquc
1084 3227 1235 3294 lacunas.

128 3331 161 3396 in
184 3328 299 3394 eodem
320 3327 386 3396 552
407 3330 540 3395 lacunae
558 3330 663 3414 prima
683 3351 780 3397 manu
796 3330 975 3415 oblongus,
991 3331 1168 3414 quadratus
1191 3332 1204 3395 l
1225 3371 1237 3382 -
1266 3371 1273 3384 ·

1 3490 2 3503 .
128 3456 247 3498 cumas.
264 3431 297 3495 iu
318 3432 494 3515 georgicon
517 3454 562 3516 ιιι,
575 3432 638 3500 365
653 3433 817 3500 Mediccus
839 3434 943 3518 prima
964 3453 1062 3500 manu
1084 3435 1236 3500 laoaaae.

128 3533 275 3618 hecquo
298 3531 481 3600 confirmem
503 3541 633 3620 praeter
655 3536 804 3622 exempla
824 3535 1057 3620 inpraesentia
1079 3537 1159 3602 nihil
1182 3536 1237 3602 ha

128 3636 208 3702 beo:
225 3635 286 3704 sed
309 3635 407 3700 malui
424 3636 597 3702 observare
612 3642 643 3702 et
657 3638 804 3723 postoris
816 3637 1041 3704 illustrandum
1055 3639 1238 3722 relinquero

1 3739 2 3770 ³
128 3759 224 3824 quam
242 3789 250 3824 ‚
271 3737 359 3823 quod
382 3737 486 3804 adhuc
510 3738 628 3806 lactum
650 3745 721 3824 est,
743 3741 849 3806 celare
869 3789 886 3806 .
899 3748 1038 3808 ceterum
1064 3741 1138 3806 libri
1162 3743 1237 3806 olim

128 3842 277 3928 impressi
301 3848 333 3908 ct
346 3841 501 3908 Marullus
524 3842 643 3908 habent
665 3868 817 3932 superare
839 3843 973 3909 lacunae
984 3869 996 3929 ,·
1010 3864 1072 3927 quo
1095 3842 1237 3909 admisso

128 3951 235 4012 umen
258 3963 323 4011 non
346 3945 467 4011 tollitur
489 3945 626 4011 molesta
647 3965 686 4012 ac
700 3965 832 4031 prorsus
856 3946 1067 4013 intolerabilis
1082 3946 1250 4011 orationis·

129 4046 349 4114 abundantia.
366 4067 465 4130 quare
488 4049 595 4116 verius
611 4068 683 4115 esse
704 4067 821 4114 censeo
838 4049 1019 4115 Lucretium
1041 4047 1100 4114 hos
1124 4069 1237 4115 versus
1347 4051 1349 4056 '

128 4149 232 4235 primo
254 4149 351 4216 aliter
372 4151 509 4237 scriptos
525 4149 674 4229 dedisse,
691 4169 776 4216 nuuc
798 4157 904 4218 autem
920 4153 1034 4218 ceteris
1054 4152 1100 4217 ita
1114 4157 1148 4216 ut
1164 4157 1238 4216 sunt

127 4255 307 4320 constitutis
329 4254 413 4320 hunc
432 4273 561 4320 versum
583 4253 817 4337 a'ccrrectore‚
834 4273 1042 4339 quamsaepe
1065 4254 1237 4337 neglegen-

127 4356 286 4423 tissimum
302 4356 403 4424 luisse
417 4355 617 4442 videbimus,
633 4357 751 4422 iniuria
766 4363 928 4423 serratum
944 4377 1037 4442 esse,
1054 4377 1124 4422 cum
1141 4347 1245 4422 debe.

128 4465 178 4524 ret
199 4459 434 4526 circumscribi.
