<?xml version="1.0" encoding="UTF-8"?>
<!DOCTYPE html PUBLIC "-//W3C//DTD XHTML 1.0 Transitional//EN"
    "http://www.w3.org/TR/xhtml1/DTD/xhtml1-transitional.dtd">
<html xmlns="http://www.w3.org/1999/xhtml" xml:lang="en" lang="en">
 <head>
  <title>
</title>
<meta http-equiv="Content-Type" content="text/html;charset=utf-8" />
  <meta name='ocr-system' content='tesseract 3.04.00' />
  <meta name='ocr-capabilities' content='ocr_page ocr_carea ocr_par ocr_line ocrx_word'/>
</head>
<body>
  <div class='ocr_page' id='page_1' title='image "./tlucreticarider24carugoog_0072.png"; bbox 0 0 3052 5144; ppageno 0'>
   <div class='ocr_carea' id='block_1_1' title="bbox 594 463 627 528">
    <p class='ocr_par' dir='ltr' id='par_1_1' title="bbox 594 463 627 528">
     <span class='ocr_line' id='line_1_1' title="bbox 594 463 627 528; baseline 0 0"><span class='ocrx_word' id='word_1_1' title='bbox 594 463 627 528; x_wconf 91' lang='lat'><strong>11</strong></span> 
     </span>
    </p>
   </div>
   <div class='ocr_carea' id='block_1_2' title="bbox 25 634 1026 3340">
    <p class='ocr_par' dir='ltr' id='par_1_2' title="bbox 53 634 900 834">
     <span class='ocr_line' id='line_1_2' title="bbox 53 634 847 720; baseline 0.003 -22"><span class='ocrx_word' id='word_1_2' title='bbox 53 653 107 700; x_wconf 89' lang='lat' dir='ltr'><strong>nco</strong></span> <span class='ocrx_word' id='word_1_3' title='bbox 125 635 223 700; x_wconf 77' lang='lat' dir='ltr'>refert</span> <span class='ocrx_word' id='word_1_4' title='bbox 246 653 287 700; x_wconf 87' lang='lat' dir='ltr'><strong>ea</strong></span> <span class='ocrx_word' id='word_1_5' title='bbox 309 655 390 717; x_wconf 85' lang='lat' dir='ltr'><strong>quoe</strong></span> <span class='ocrx_word' id='word_1_6' title='bbox 412 641 526 720; x_wconf 80' lang='lat' dir='ltr'><strong>tangas</strong></span> <span class='ocrx_word' id='word_1_7' title='bbox 549 655 611 716; x_wconf 92' lang='lat' dir='ltr'><strong>quo</strong></span> <span class='ocrx_word' id='word_1_8' title='bbox 635 634 716 700; x_wconf 80' lang='lat' dir='ltr'><strong>sorte</strong></span> <span class='ocrx_word' id='word_1_9' title='bbox 740 636 847 700; x_wconf 88' lang='lat' dir='ltr'><strong>ociore</strong></span> 
     </span>
     <span class='ocr_line' id='line_1_3' title="bbox 54 749 900 834; baseline 0.001 -21"><span class='ocrx_word' id='word_1_10' title='bbox 54 749 190 834; x_wconf 89' lang='lat' dir='ltr'><strong>praedita</strong></span> <span class='ocrx_word' id='word_1_11' title='bbox 212 751 298 827; x_wconf 88' lang='lat' dir='ltr'><strong>sint,</strong></span> <span class='ocrx_word' id='word_1_12' title='bbox 313 769 421 816; x_wconf 87' lang='lat' dir='ltr'><strong>verum</strong></span> <span class='ocrx_word' id='word_1_13' title='bbox 445 749 531 832; x_wconf 88' lang='lat' dir='ltr'><strong>quali</strong></span> <span class='ocrx_word' id='word_1_14' title='bbox 555 750 657 830; x_wconf 86' lang='lat' dir='ltr'><strong>magis</strong></span> <span class='ocrx_word' id='word_1_15' title='bbox 679 755 756 832; x_wconf 87' lang='lat' dir='ltr'><strong>apta</strong></span> <span class='ocrx_word' id='word_1_16' title='bbox 779 749 900 834; x_wconf 84' lang='lat' dir='ltr'><strong>figura,</strong></span> 
     </span>
    </p>

    <p class='ocr_par' dir='ltr' id='par_1_3' title="bbox 25 863 833 1057">
     <span class='ocr_line' id='line_1_4' title="bbox 25 863 833 949; baseline -0.001 -19"><span class='ocrx_word' id='word_1_17' title='bbox 25 887 34 930; x_wconf 79' lang='lat' dir='ltr'><strong>n</strong></span> <span class='ocrx_word' id='word_1_18' title='bbox 55 865 128 930; x_wconf 85' lang='lat' dir='ltr'><strong>scire</strong></span> <span class='ocrx_word' id='word_1_19' title='bbox 149 865 222 929; x_wconf 89' lang='lat' dir='ltr'><strong>licet</strong></span> <span class='ocrx_word' id='word_1_20' title='bbox 246 865 290 928; x_wconf 91' lang='lat' dir='ltr'><strong>nil</strong></span> <span class='ocrx_word' id='word_1_21' title='bbox 312 863 475 949; x_wconf 79' lang='lat' dir='ltr'><strong>principiis</strong></span> <span class='ocrx_word' id='word_1_22' title='bbox 495 883 575 947; x_wconf 90' lang='lat' dir='ltr'><strong>opus</strong></span> <span class='ocrx_word' id='word_1_23' title='bbox 596 883 668 928; x_wconf 88' lang='lat' dir='ltr'><strong>esso</strong></span> <span class='ocrx_word' id='word_1_24' title='bbox 690 865 833 940; x_wconf 82' lang='lat' dir='ltr'><strong>colores,</strong></span> 
     </span>
     <span class='ocr_line' id='line_1_5' title="bbox 56 977 805 1057; baseline -0.001 -14"><span class='ocrx_word' id='word_1_25' title='bbox 56 979 105 1044; x_wconf 87' lang='lat' dir='ltr'><strong>sed</strong></span> <span class='ocrx_word' id='word_1_26' title='bbox 125 980 222 1044; x_wconf 87' lang='lat' dir='ltr'><strong>variis</strong></span> <span class='ocrx_word' id='word_1_27' title='bbox 245 978 358 1044; x_wconf 82' lang='lat' dir='ltr'><strong>formis</strong></span> <span class='ocrx_word' id='word_1_28' title='bbox 379 980 541 1044; x_wconf 82' lang='lat' dir='ltr'><strong>variantes</strong></span> <span class='ocrx_word' id='word_1_29' title='bbox 565 977 661 1043; x_wconf 89' lang='lat' dir='ltr'><strong>edere</strong></span> <span class='ocrx_word' id='word_1_30' title='bbox 684 984 805 1057; x_wconf 86' lang='lat' dir='ltr'><strong>taetus.</strong></span> 
     </span>
    </p>

    <p class='ocr_par' dir='ltr' id='par_1_4' title="bbox 56 1093 871 1406">
     <span class='ocr_line' id='line_1_6' title="bbox 89 1093 871 1176; baseline 0.004 -20"><span class='ocrx_word' id='word_1_31' title='bbox 89 1094 256 1158; x_wconf 88' lang='lat' dir='ltr'><strong>Praeterea</strong></span> <span class='ocrx_word' id='word_1_32' title='bbox 279 1094 427 1175; x_wconf 85' lang='lat' dir='ltr'><strong>qnoniam</strong></span> <span class='ocrx_word' id='word_1_33' title='bbox 451 1114 515 1158; x_wconf 94' lang='lat' dir='ltr'><strong>non</strong></span> <span class='ocrx_word' id='word_1_34' title='bbox 538 1094 631 1158; x_wconf 90' lang='lat' dir='ltr'><strong>certis</strong></span> <span class='ocrx_word' id='word_1_35' title='bbox 654 1099 741 1158; x_wconf 88' lang='lat' dir='ltr'><strong>certa</strong></span> <span class='ocrx_word' id='word_1_36' title='bbox 763 1093 871 1176; x_wconf 87' lang='lat' dir='ltr'><strong>figuris</strong></span> 
     </span>
     <span class='ocr_line' id='line_1_7' title="bbox 56 1207 801 1292; baseline -0.001 -21"><span class='ocrx_word' id='word_1_37' title='bbox 56 1214 96 1272; x_wconf 89' lang='lat' dir='ltr'><strong>est</strong></span> <span class='ocrx_word' id='word_1_38' title='bbox 115 1214 227 1273; x_wconf 88' lang='lat' dir='ltr'><strong>natura</strong></span> <span class='ocrx_word' id='word_1_39' title='bbox 250 1208 368 1273; x_wconf 90' lang='lat' dir='ltr'><strong>coloris</strong></span> <span class='ocrx_word' id='word_1_40' title='bbox 391 1213 423 1273; x_wconf 92' lang='lat' dir='ltr'><strong>et</strong></span> <span class='ocrx_word' id='word_1_41' title='bbox 445 1208 553 1274; x_wconf 88' lang='lat' dir='ltr'><strong>omnia</strong></span> <span class='ocrx_word' id='word_1_42' title='bbox 575 1207 801 1292; x_wconf 77' lang='lat' dir='ltr'><strong>principiorum</strong></span> 
     </span>
     <span class='ocr_line' id='line_1_8' title="bbox 56 1322 829 1406; baseline 0.004 -21"><span class='ocrx_word' id='word_1_43' title='bbox 56 1322 255 1389; x_wconf 84' lang='lat' dir='ltr'><strong>formamenta</strong></span> <span class='ocrx_word' id='word_1_44' title='bbox 280 1329 398 1406; x_wconf 90' lang='lat' dir='ltr'><strong>queunt</strong></span> <span class='ocrx_word' id='word_1_45' title='bbox 419 1323 452 1386; x_wconf 93' lang='lat' dir='ltr'><strong>in</strong></span> <span class='ocrx_word' id='word_1_46' title='bbox 476 1323 589 1404; x_wconf 83' lang='lat' dir='ltr'><strong>quovis</strong></span> <span class='ocrx_word' id='word_1_47' title='bbox 612 1341 683 1388; x_wconf 86' lang='lat' dir='ltr'><strong>esne</strong></span> <span class='ocrx_word' id='word_1_48' title='bbox 705 1323 829 1398; x_wconf 88' lang='lat' dir='ltr'><strong>nitore,</strong></span> 
     </span>
    </p>

    <p class='ocr_par' dir='ltr' id='par_1_5' title="bbox 25 1437 942 1984">
     <span class='ocr_line' id='line_1_9' title="bbox 25 1437 942 1521; baseline -0.001 -21"><span class='ocrx_word' id='word_1_49' title='bbox 25 1457 103 1502; x_wconf 85' lang='lat' dir='ltr'><strong>ocur</strong></span> <span class='ocrx_word' id='word_1_50' title='bbox 123 1456 160 1502; x_wconf 87' lang='lat' dir='ltr'><strong>ea</strong></span> <span class='ocrx_word' id='word_1_51' title='bbox 182 1457 267 1520; x_wconf 87' lang='lat' dir='ltr'><strong>quae</strong></span> <span class='ocrx_word' id='word_1_52' title='bbox 292 1443 439 1503; x_wconf 85' lang='lat' dir='ltr'><strong>constant</strong></span> <span class='ocrx_word' id='word_1_53' title='bbox 461 1456 500 1502; x_wconf 82' lang='lat' dir='ltr'><strong>ex</strong></span> <span class='ocrx_word' id='word_1_54' title='bbox 523 1437 587 1502; x_wconf 92' lang='lat' dir='ltr'><strong>illis</strong></span> <span class='ocrx_word' id='word_1_55' title='bbox 610 1458 673 1502; x_wconf 94' lang='lat' dir='ltr'><strong>non</strong></span> <span class='ocrx_word' id='word_1_56' title='bbox 696 1438 815 1521; x_wconf 84' lang='lat' dir='ltr'><strong>puriter</strong></span> <span class='ocrx_word' id='word_1_57' title='bbox 837 1447 911 1504; x_wconf 83' lang='lat' dir='ltr'><strong>sunt</strong></span> <span class='ocrx_word' id='word_1_58' title='bbox 939 1491 942 1499; x_wconf 95' lang='lat'><em>.</em></span> 
     </span>
     <span class='ocr_line' id='line_1_10' title="bbox 54 1553 932 1638; baseline 0.002 -23"><span class='ocrx_word' id='word_1_59' title='bbox 54 1573 137 1618; x_wconf 85' lang='lat' dir='ltr'><strong>onure</strong></span> <span class='ocrx_word' id='word_1_60' title='bbox 157 1573 261 1638; x_wconf 87' lang='lat' dir='ltr'><strong>genus</strong></span> <span class='ocrx_word' id='word_1_61' title='bbox 285 1553 417 1637; x_wconf 85' lang='lat' dir='ltr'><strong>perfuso</strong></span> <span class='ocrx_word' id='word_1_62' title='bbox 439 1554 598 1618; x_wconf 87' lang='lat' dir='ltr'><strong>coloribus</strong></span> <span class='ocrx_word' id='word_1_63' title='bbox 621 1554 655 1618; x_wconf 93' lang='lat' dir='ltr'><strong>in</strong></span> <span class='ocrx_word' id='word_1_64' title='bbox 676 1573 794 1636; x_wconf 81' lang='lat' dir='ltr'>genere</span> <span class='ocrx_word' id='word_1_65' title='bbox 817 1554 932 1618; x_wconf 81' lang='lat' dir='ltr'><strong>omui?</strong></span> 
     </span>
     <span class='ocr_line' id='line_1_11' title="bbox 55 1669 931 1754; baseline 0.005 -25"><span class='ocrx_word' id='word_1_66' title='bbox 55 1669 251 1734; x_wconf 75' lang='lat' dir='ltr'><strong>conveniebat</strong></span> <span class='ocrx_word' id='word_1_67' title='bbox 275 1669 360 1734; x_wconf 90' lang='lat' dir='ltr'><strong>enirn</strong></span> <span class='ocrx_word' id='word_1_68' title='bbox 383 1689 496 1734; x_wconf 85' lang='lat' dir='ltr'><strong>corvos</strong></span> <span class='ocrx_word' id='word_1_69' title='bbox 521 1689 649 1752; x_wconf 87' lang='lat' dir='ltr'><strong>quoque</strong></span> <span class='ocrx_word' id='word_1_70' title='bbox 672 1689 770 1754; x_wconf 82' lang='lat' dir='ltr'>saepe</span> <span class='ocrx_word' id='word_1_71' title='bbox 793 1669 931 1734; x_wconf 86' lang='lat' dir='ltr'><strong>volantis</strong></span> 
     </span>
     <span class='ocr_line' id='line_1_12' title="bbox 56 1783 775 1867; baseline 0.008 -22"><span class='ocrx_word' id='word_1_72' title='bbox 56 1801 88 1846; x_wconf 83' lang='lat' dir='ltr'><strong>ex</strong></span> <span class='ocrx_word' id='word_1_73' title='bbox 107 1784 185 1850; x_wconf 85' lang='lat' dir='ltr'><strong>albis</strong></span> <span class='ocrx_word' id='word_1_74' title='bbox 207 1785 320 1848; x_wconf 86' lang='lat' dir='ltr'><strong>album</strong></span> <span class='ocrx_word' id='word_1_75' title='bbox 343 1783 450 1867; x_wconf 77' lang='lat' dir='ltr'><strong>pinnis</strong></span> <span class='ocrx_word' id='word_1_76' title='bbox 471 1783 590 1850; x_wconf 90' lang='lat' dir='ltr'><strong>iactare</strong></span> <span class='ocrx_word' id='word_1_77' title='bbox 614 1787 775 1860; x_wconf 87' lang='lat' dir='ltr'><strong>colorem,</strong></span> 
     </span>
     <span class='ocr_line' id='line_1_13' title="bbox 59 1897 760 1984; baseline 0.006 -24"><span class='ocrx_word' id='word_1_78' title='bbox 59 1903 84 1960; x_wconf 91' lang='lat' dir='ltr'><strong>et</strong></span> <span class='ocrx_word' id='word_1_79' title='bbox 102 1900 204 1984; x_wconf 88' lang='lat' dir='ltr'><strong>nigros</strong></span> <span class='ocrx_word' id='word_1_80' title='bbox 227 1899 300 1964; x_wconf 88' lang='lat' dir='ltr'><strong>fleri</strong></span> <span class='ocrx_word' id='word_1_81' title='bbox 321 1897 414 1982; x_wconf 88' lang='lat' dir='ltr'><strong>nigro</strong></span> <span class='ocrx_word' id='word_1_82' title='bbox 436 1897 477 1964; x_wconf 89' lang='lat' dir='ltr'><strong>dc</strong></span> <span class='ocrx_word' id='word_1_83' title='bbox 499 1899 619 1965; x_wconf 85' lang='lat' dir='ltr'><strong>semine</strong></span> <span class='ocrx_word' id='word_1_84' title='bbox 642 1921 760 1984; x_wconf 82' lang='lat' dir='ltr'><strong>cycnos</strong></span> 
     </span>
    </p>

    <p class='ocr_par' dir='ltr' id='par_1_6' title="bbox 25 2013 738 2096">
     <span class='ocr_line' id='line_1_14' title="bbox 25 2013 738 2096; baseline 0.006 -22"><span class='ocrx_word' id='word_1_85' title='bbox 25 2030 39 2074; x_wconf 83' lang='lat' dir='ltr'><strong>n</strong></span> <span class='ocrx_word' id='word_1_86' title='bbox 59 2019 104 2075; x_wconf 85' lang='lat' dir='ltr'><strong>aut</strong></span> <span class='ocrx_word' id='word_1_87' title='bbox 123 2014 182 2078; x_wconf 90' lang='lat' dir='ltr'><strong>alio</strong></span> <span class='ocrx_word' id='word_1_88' title='bbox 206 2013 323 2096; x_wconf 84' lang='lat' dir='ltr'><strong>quovis</strong></span> <span class='ocrx_word' id='word_1_89' title='bbox 345 2033 409 2078; x_wconf 91' lang='lat' dir='ltr'><strong>uno</strong></span> <span class='ocrx_word' id='word_1_90' title='bbox 433 2014 588 2096; x_wconf 87' lang='lat' dir='ltr'><strong>varioque</strong></span> <span class='ocrx_word' id='word_1_91' title='bbox 611 2015 738 2080; x_wconf 90' lang='lat' dir='ltr'><strong>colore.</strong></span> 
     </span>
    </p>

    <p class='ocr_par' dir='ltr' id='par_1_7' title="bbox 60 2127 1026 2558">
     <span class='ocr_line' id='line_1_15' title="bbox 94 2127 1026 2213; baseline 0.003 -22"><span class='ocrx_word' id='word_1_92' title='bbox 94 2127 290 2205; x_wconf 88' lang='lat' dir='ltr'><strong>Quinetiam</strong></span> <span class='ocrx_word' id='word_1_93' title='bbox 314 2135 435 2210; x_wconf 88' lang='lat' dir='ltr'><strong>quanto</strong></span> <span class='ocrx_word' id='word_1_94' title='bbox 457 2129 490 2199; x_wconf 92' lang='lat' dir='ltr'><strong>in</strong></span> <span class='ocrx_word' id='word_1_95' title='bbox 512 2135 620 2213; x_wconf 86' lang='lat' dir='ltr'><strong>partes</strong></span> <span class='ocrx_word' id='word_1_96' title='bbox 642 2149 695 2195; x_wconf 94' lang='lat' dir='ltr'><strong>res</strong></span> <span class='ocrx_word' id='word_1_97' title='bbox 719 2148 865 2211; x_wconf 85' lang='lat' dir='ltr'><strong>quaeque</strong></span> <span class='ocrx_word' id='word_1_98' title='bbox 888 2129 1026 2194; x_wconf 86' lang='lat' dir='ltr'><strong>minutas</strong></span> 
     </span>
     <span class='ocr_line' id='line_1_16' title="bbox 61 2241 978 2328; baseline 0.004 -24"><span class='ocrx_word' id='word_1_99' title='bbox 61 2241 223 2308; x_wconf 75' lang='lat' dir='ltr'><strong>distrahitur</strong></span> <span class='ocrx_word' id='word_1_100' title='bbox 244 2243 369 2328; x_wconf 78' lang='lat' dir='ltr'><strong>magis,</strong></span> <span class='ocrx_word' id='word_1_101' title='bbox 387 2242 448 2308; x_wconf 92' lang='lat' dir='ltr'><strong>hoc</strong></span> <span class='ocrx_word' id='word_1_102' title='bbox 469 2246 572 2325; x_wconf 87' lang='lat' dir='ltr'><strong>magis</strong></span> <span class='ocrx_word' id='word_1_103' title='bbox 596 2251 644 2309; x_wconf 88' lang='lat' dir='ltr'><strong>est</strong></span> <span class='ocrx_word' id='word_1_104' title='bbox 665 2251 699 2308; x_wconf 91' lang='lat' dir='ltr'><strong>ut</strong></span> <span class='ocrx_word' id='word_1_105' title='bbox 721 2263 850 2310; x_wconf 90' lang='lat' dir='ltr'><strong>cernere</strong></span> <span class='ocrx_word' id='word_1_106' title='bbox 873 2245 978 2328; x_wconf 90' lang='lat' dir='ltr'><strong>possis</strong></span> 
     </span>
     <span class='ocr_line' id='line_1_17' title="bbox 60 2358 800 2443; baseline 0.004 -24"><span class='ocrx_word' id='word_1_107' title='bbox 60 2374 234 2424; x_wconf 83' lang='lat' dir='ltr'><strong>evanescere</strong></span> <span class='ocrx_word' id='word_1_108' title='bbox 257 2359 414 2443; x_wconf 87' lang='lat' dir='ltr'><strong>paulatim</strong></span> <span class='ocrx_word' id='word_1_109' title='bbox 437 2359 619 2442; x_wconf 84' lang='lat' dir='ltr'><strong>stinguique</strong></span> <span class='ocrx_word' id='word_1_110' title='bbox 642 2358 800 2437; x_wconf 88' lang='lat' dir='ltr'><strong>colorem;</strong></span> 
     </span>
     <span class='ocr_line' id='line_1_18' title="bbox 60 2469 858 2558; baseline 0.011 -28"><span class='ocrx_word' id='word_1_111' title='bbox 60 2475 86 2531; x_wconf 93' lang='lat' dir='ltr'><strong>ut</strong></span> <span class='ocrx_word' id='word_1_112' title='bbox 104 2471 134 2534; x_wconf 88' lang='lat' dir='ltr'><strong>fit</strong></span> <span class='ocrx_word' id='word_1_113' title='bbox 153 2469 263 2539; x_wconf 88' lang='lat' dir='ltr'><strong>ubi&#39;in</strong></span> <span class='ocrx_word' id='word_1_114' title='bbox 287 2493 404 2558; x_wconf 87' lang='lat' dir='ltr'><strong>parvas</strong></span> <span class='ocrx_word' id='word_1_115' title='bbox 426 2474 526 2558; x_wconf 89' lang='lat' dir='ltr'><strong>partis</strong></span> <span class='ocrx_word' id='word_1_116' title='bbox 549 2473 738 2558; x_wconf 86' lang='lat' dir='ltr'><strong>discerpitur</strong></span> <span class='ocrx_word' id='word_1_117' title='bbox 760 2494 858 2538; x_wconf 87' lang='lat' dir='ltr'><strong>aurea</strong></span> 
     </span>
    </p>

    <p class='ocr_par' dir='ltr' id='par_1_8' title="bbox 25 2587 1009 3013">
     <span class='ocr_line' id='line_1_19' title="bbox 25 2587 918 2673; baseline 0.013 -31"><span class='ocrx_word' id='word_1_118' title='bbox 25 2601 42 2642; x_wconf 82' lang='lat' dir='ltr'><strong>o</strong></span> <span class='ocrx_word' id='word_1_119' title='bbox 61 2603 201 2672; x_wconf 90' lang='lat' dir='ltr'><strong>purpura,</strong></span> <span class='ocrx_word' id='word_1_120' title='bbox 217 2587 456 2673; x_wconf 86' lang='lat' dir='ltr'><strong>poeniceusque</strong></span> <span class='ocrx_word' id='word_1_121' title='bbox 479 2589 567 2654; x_wconf 90' lang='lat' dir='ltr'><strong>color</strong></span> <span class='ocrx_word' id='word_1_122' title='bbox 591 2588 777 2654; x_wconf 84' lang='lat' dir='ltr'><strong>clarissimu&#39;</strong></span> <span class='ocrx_word' id='word_1_123' title='bbox 799 2589 918 2667; x_wconf 75' lang='lat' dir='ltr'><strong>inulto,</strong></span> 
     </span>
     <span class='ocr_line' id='line_1_20' title="bbox 59 2695 871 2787; baseline 0.012 -29"><span class='ocrx_word' id='word_1_124' title='bbox 59 2695 151 2763; x_wconf 84' lang='lat' dir='ltr'><strong>filatim</strong></span> <span class='ocrx_word' id='word_1_125' title='bbox 173 2721 244 2766; x_wconf 89' lang='lat' dir='ltr'><strong>euru</strong></span> <span class='ocrx_word' id='word_1_126' title='bbox 268 2701 424 2768; x_wconf 85' lang='lat' dir='ltr'><strong>distracta</strong></span> <span class='ocrx_word' id='word_1_127' title='bbox 447 2709 515 2779; x_wconf 83' lang='lat' dir='ltr'><strong>est,</strong></span> <span class='ocrx_word' id='word_1_128' title='bbox 532 2703 726 2787; x_wconf 82' lang='lat' dir='ltr'><strong>dispergitur</strong></span> <span class='ocrx_word' id='word_1_129' title='bbox 748 2705 871 2785; x_wconf 85' lang='lat' dir='ltr'><strong>omnis;</strong></span> 
     </span>
     <span class='ocr_line' id='line_1_21' title="bbox 61 2805 1009 2902; baseline 0.006 -26"><span class='ocrx_word' id='word_1_130' title='bbox 61 2823 231 2880; x_wconf 85' lang='lat' dir='ltr'><strong>noscerent</strong></span> <span class='ocrx_word' id='word_1_131' title='bbox 253 2817 328 2881; x_wconf 90' lang='lat' dir='ltr'><strong>hinc</strong></span> <span class='ocrx_word' id='word_1_132' title='bbox 350 2818 454 2900; x_wconf 87' lang='lat' dir='ltr'><strong>possis</strong></span> <span class='ocrx_word' id='word_1_133' title='bbox 476 2818 564 2902; x_wconf 91' lang='lat' dir='ltr'><strong>prius</strong></span> <span class='ocrx_word' id='word_1_134' title='bbox 588 2838 713 2882; x_wconf 86' lang='lat' dir='ltr'><strong>onrneru</strong></span> <span class='ocrx_word' id='word_1_135' title='bbox 737 2805 848 2883; x_wconf 78' lang='lat' dir='ltr'><strong>efflare</strong></span> <span class='ocrx_word' id='word_1_136' title='bbox 872 2818 1009 2883; x_wconf 88' lang='lat' dir='ltr'><strong>colorem</strong></span> 
     </span>
     <span class='ocr_line' id='line_1_22' title="bbox 61 2927 900 3013; baseline 0.01 -25"><span class='ocrx_word' id='word_1_137' title='bbox 61 2927 238 3007; x_wconf 83' lang='lat' dir='ltr'><strong>particulas,</strong></span> <span class='ocrx_word' id='word_1_138' title='bbox 256 2951 351 3013; x_wconf 86' lang='lat' dir='ltr'><strong>quam</strong></span> <span class='ocrx_word' id='word_1_139' title='bbox 376 2931 543 2998; x_wconf 88' lang='lat' dir='ltr'><strong>discedant</strong></span> <span class='ocrx_word' id='word_1_140' title='bbox 565 2934 607 2996; x_wconf 85' lang='lat' dir='ltr'><strong>ad</strong></span> <span class='ocrx_word' id='word_1_141' title='bbox 630 2934 751 2997; x_wconf 87' lang='lat' dir='ltr'><strong>semina</strong></span> <span class='ocrx_word' id='word_1_142' title='bbox 774 2953 900 2998; x_wconf 86' lang='lat' dir='ltr'><strong>rerum.</strong></span> 
     </span>
    </p>

    <p class='ocr_par' dir='ltr' id='par_1_9' title="bbox 96 3039 938 3129">
     <span class='ocr_line' id='line_1_23' title="bbox 96 3039 938 3129; baseline 0.01 -29"><span class='ocrx_word' id='word_1_143' title='bbox 96 3039 252 3110; x_wconf 85' lang='lat' dir='ltr'><strong>Postremo</strong></span> <span class='ocrx_word' id='word_1_144' title='bbox 278 3046 428 3127; x_wconf 86' lang='lat' dir='ltr'><strong>quoniam</strong></span> <span class='ocrx_word' id='word_1_145' title='bbox 452 3065 515 3110; x_wconf 93' lang='lat' dir='ltr'><strong>non</strong></span> <span class='ocrx_word' id='word_1_146' title='bbox 539 3047 647 3110; x_wconf 85' lang='lat' dir='ltr'><strong>omnia</strong></span> <span class='ocrx_word' id='word_1_147' title='bbox 670 3067 803 3129; x_wconf 79' lang='lat' dir='ltr'><strong>corpora</strong></span> <span class='ocrx_word' id='word_1_148' title='bbox 826 3065 938 3110; x_wconf 87' lang='lat' dir='ltr'><strong>vocem</strong></span> 
     </span>
    </p>

    <p class='ocr_par' dir='ltr' id='par_1_10' title="bbox 26 3152 885 3340">
     <span class='ocr_line' id='line_1_24' title="bbox 26 3152 885 3244; baseline 0.014 -33"><span class='ocrx_word' id='word_1_149' title='bbox 26 3165 44 3212; x_wconf 77' lang='lat' dir='ltr'><strong>n</strong></span> <span class='ocrx_word' id='word_1_150' title='bbox 62 3152 168 3221; x_wconf 87' lang='lat' dir='ltr'><strong>mittere</strong></span> <span class='ocrx_word' id='word_1_151' title='bbox 190 3159 341 3224; x_wconf 87' lang='lat' dir='ltr'><strong>concedis</strong></span> <span class='ocrx_word' id='word_1_152' title='bbox 364 3177 468 3241; x_wconf 89' lang='lat' dir='ltr'><strong>neque</strong></span> <span class='ocrx_word' id='word_1_153' title='bbox 491 3159 621 3224; x_wconf 84' lang='lat' dir='ltr'><strong>odorern</strong></span> <span class='ocrx_word' id='word_1_154' title='bbox 636 3212 643 3232; x_wconf 85' lang='grc'>,</span> <span class='ocrx_word' id='word_1_155' title='bbox 659 3166 829 3244; x_wconf 87' lang='lat' dir='ltr'><strong>propterea</strong></span> <span class='ocrx_word' id='word_1_156' title='bbox 851 3160 885 3224; x_wconf 86' lang='lat' dir='ltr'><strong>fit</strong></span> 
     </span>
     <span class='ocr_line' id='line_1_25' title="bbox 63 3271 883 3340; baseline 0.012 -13"><span class='ocrx_word' id='word_1_157' title='bbox 63 3271 165 3334; x_wconf 88' lang='lat' dir='ltr'><strong>utnon</strong></span> <span class='ocrx_word' id='word_1_158' title='bbox 188 3273 337 3338; x_wconf 85' lang='lat' dir='ltr'><strong>omnibus</strong></span> <span class='ocrx_word' id='word_1_159' title='bbox 360 3273 527 3340; x_wconf 82' lang='lat' dir='ltr'><strong>adtribuas</strong></span> <span class='ocrx_word' id='word_1_160' title='bbox 548 3275 672 3339; x_wconf 89' lang='lat' dir='ltr'><strong>sonitus</strong></span> <span class='ocrx_word' id='word_1_161' title='bbox 696 3281 727 3339; x_wconf 88' lang='lat' dir='ltr'><strong>et</strong></span> <span class='ocrx_word' id='word_1_162' title='bbox 749 3274 883 3340; x_wconf 81' lang='lat' dir='ltr'><strong>odores:</strong></span> 
     </span>
    </p>
   </div>
   <div class='ocr_carea' id='block_1_3' title="bbox 27 3379 1006 4045">
    <p class='ocr_par' dir='ltr' id='par_1_11' title="bbox 27 3379 1006 4045">
     <span class='ocr_line' id='line_1_26' title="bbox 63 3379 935 3472; baseline 0.013 -32"><span class='ocrx_word' id='word_1_163' title='bbox 63 3379 100 3442; x_wconf 85' lang='lat' dir='ltr'><strong>sic</strong></span> <span class='ocrx_word' id='word_1_164' title='bbox 120 3386 215 3452; x_wconf 84' lang='lat' dir='ltr'><strong>oeulis</strong></span> <span class='ocrx_word' id='word_1_165' title='bbox 238 3388 394 3470; x_wconf 88' lang='lat' dir='ltr'><strong>quoniam</strong></span> <span class='ocrx_word' id='word_1_166' title='bbox 418 3409 480 3453; x_wconf 94' lang='lat' dir='ltr'><strong>non</strong></span> <span class='ocrx_word' id='word_1_167' title='bbox 506 3389 613 3453; x_wconf 87' lang='lat' dir='ltr'><strong>ornnia</strong></span> <span class='ocrx_word' id='word_1_168' title='bbox 636 3409 766 3454; x_wconf 89' lang='lat' dir='ltr'><strong>eernere</strong></span> <span class='ocrx_word' id='word_1_169' title='bbox 789 3389 935 3472; x_wconf 85' lang='lat' dir='ltr'><strong>quirnus,</strong></span> 
     </span>
     <span class='ocr_line' id='line_1_27' title="bbox 64 3495 939 3592; baseline 0.014 -35"><span class='ocrx_word' id='word_1_170' title='bbox 64 3495 132 3560; x_wconf 86' lang='lat' dir='ltr'><strong>seire</strong></span> <span class='ocrx_word' id='word_1_171' title='bbox 148 3497 222 3566; x_wconf 88' lang='lat' dir='ltr'><strong>lieet</strong></span> <span class='ocrx_word' id='word_1_172' title='bbox 243 3501 403 3583; x_wconf 85' lang='lat' dir='ltr'><strong>quaedam</strong></span> <span class='ocrx_word' id='word_1_173' title='bbox 428 3510 492 3568; x_wconf 84' lang='lat' dir='ltr'><strong>tarn</strong></span> <span class='ocrx_word' id='word_1_174' title='bbox 515 3511 663 3568; x_wconf 80' lang='lat' dir='ltr'><strong>constare</strong></span> <span class='ocrx_word' id='word_1_175' title='bbox 686 3503 892 3570; x_wconf 74' lang='lat' dir='ltr'><strong>orbaoolore</strong></span> <span class='ocrx_word' id='word_1_176' title='bbox 937 3587 939 3592; x_wconf 23' lang='grc' dir='ltr'>Ι</span> 
     </span>
     <span class='ocr_line' id='line_1_28' title="bbox 64 3615 990 3701; baseline 0.012 -30"><span class='ocrx_word' id='word_1_177' title='bbox 64 3630 145 3690; x_wconf 66' lang='lat' dir='ltr'><strong>cruam</strong></span> <span class='ocrx_word' id='word_1_178' title='bbox 166 3617 234 3681; x_wconf 85' lang='lat' dir='ltr'><strong>sine</strong></span> <span class='ocrx_word' id='word_1_179' title='bbox 258 3615 359 3683; x_wconf 89' lang='lat' dir='ltr'><strong>odore</strong></span> <span class='ocrx_word' id='word_1_180' title='bbox 382 3618 448 3682; x_wconf 89' lang='lat' dir='ltr'><strong>ullo</strong></span> <span class='ocrx_word' id='word_1_181' title='bbox 472 3617 633 3700; x_wconf 86' lang='lat' dir='ltr'><strong>quaedurn</strong></span> <span class='ocrx_word' id='word_1_182' title='bbox 655 3619 823 3701; x_wconf 85' lang='lat' dir='ltr'><strong>sonituque</strong></span> <span class='ocrx_word' id='word_1_183' title='bbox 847 3625 990 3700; x_wconf 84' lang='lat' dir='ltr'><strong>remota,</strong></span> 
     </span>
     <span class='ocr_line' id='line_1_29' title="bbox 27 3729 1006 3816; baseline 0.011 -31"><span class='ocrx_word' id='word_1_184' title='bbox 27 3737 46 3780; x_wconf 83' lang='lat' dir='ltr'><strong>u</strong></span> <span class='ocrx_word' id='word_1_185' title='bbox 66 3743 114 3789; x_wconf 90' lang='lat' dir='ltr'><strong>neo</strong></span> <span class='ocrx_word' id='word_1_186' title='bbox 132 3729 232 3796; x_wconf 89' lang='lat' dir='ltr'><strong>rninus</strong></span> <span class='ocrx_word' id='word_1_187' title='bbox 256 3730 338 3796; x_wconf 89' lang='lat' dir='ltr'><strong>haec</strong></span> <span class='ocrx_word' id='word_1_188' title='bbox 360 3733 500 3796; x_wconf 85' lang='lat' dir='ltr'><strong>animum</strong></span> <span class='ocrx_word' id='word_1_189' title='bbox 524 3751 720 3815; x_wconf 85' lang='lat' dir='ltr'><strong>cognoscere</strong></span> <span class='ocrx_word' id='word_1_190' title='bbox 741 3752 837 3816; x_wconf 86' lang='lat' dir='ltr'><strong>posse</strong></span> <span class='ocrx_word' id='word_1_191' title='bbox 858 3751 1006 3816; x_wconf 83' lang='lat' dir='ltr'><strong>sagacem</strong></span> 
     </span>
     <span class='ocr_line' id='line_1_30' title="bbox 67 3845 866 3931; baseline 0.016 -33"><span class='ocrx_word' id='word_1_192' title='bbox 67 3857 148 3917; x_wconf 79' lang='lat' dir='ltr'><strong>quau</strong></span> <span class='ocrx_word' id='word_1_193' title='bbox 168 3865 251 3926; x_wconf 91' lang='lat' dir='ltr'><strong>quae</strong></span> <span class='ocrx_word' id='word_1_194' title='bbox 273 3851 347 3910; x_wconf 90' lang='lat' dir='ltr'><strong>sunt</strong></span> <span class='ocrx_word' id='word_1_195' title='bbox 369 3845 562 3911; x_wconf 81' lang='lat' dir='ltr'><strong>aliisrebus</strong></span> <span class='ocrx_word' id='word_1_196' title='bbox 585 3847 711 3931; x_wconf 86' lang='lat' dir='ltr'><strong>privata</strong></span> <span class='ocrx_word' id='word_1_197' title='bbox 734 3854 866 3912; x_wconf 85' lang='lat' dir='ltr'><strong>notare.</strong></span> 
     </span>
     <span class='ocr_line' id='line_1_31' title="bbox 98 3952 822 4045; baseline 0.012 -28"><span class='ocrx_word' id='word_1_198' title='bbox 98 3952 155 4021; x_wconf 87' lang='lat' dir='ltr'><strong>Sed</strong></span> <span class='ocrx_word' id='word_1_199' title='bbox 176 3979 214 4025; x_wconf 91' lang='lat' dir='ltr'><strong>ne</strong></span> <span class='ocrx_word' id='word_1_200' title='bbox 236 3959 320 4026; x_wconf 84' lang='lat' dir='ltr'><strong>forte</strong></span> <span class='ocrx_word' id='word_1_201' title='bbox 342 3967 437 4045; x_wconf 88' lang='lat' dir='ltr'><strong>putes</strong></span> <span class='ocrx_word' id='word_1_202' title='bbox 459 3961 529 4025; x_wconf 92' lang='lat' dir='ltr'><strong>solo</strong></span> <span class='ocrx_word' id='word_1_203' title='bbox 553 3961 692 4045; x_wconf 88' lang='lat' dir='ltr'><strong>spoliata</strong></span> <span class='ocrx_word' id='word_1_204' title='bbox 714 3962 822 4028; x_wconf 86' lang='lat' dir='ltr'><strong>colore</strong></span> 
     </span>
    </p>
   </div>
   <div class='ocr_carea' id='block_1_4' title="bbox 71 4131 249 4151">
    <p class='ocr_par' dir='ltr' id='par_1_12' title="bbox 71 4131 249 4151">
     <span class='ocr_line' id='line_1_32' title="bbox 71 4131 249 4151; baseline 0.006 -11"><span class='ocrx_word' id='word_1_205' title='bbox 71 4131 249 4151; x_wconf 25' lang='lat' dir='ltr'><strong>a&amp;</strong></span> 
     </span>
    </p>
   </div>
   <div class='ocr_carea' id='block_1_5' title="bbox 73 4253 1176 4497">
    <p class='ocr_par' dir='ltr' id='par_1_13' title="bbox 73 4253 1176 4497">
     <span class='ocr_line' id='line_1_33' title="bbox 73 4253 1174 4330; baseline 0.005 -25"><span class='ocrx_word' id='word_1_206' title='bbox 73 4253 113 4302; x_wconf 73' lang='lat'><strong>⁸14</strong></span> <span class='ocrx_word' id='word_1_207' title='bbox 124 4269 176 4308; x_wconf 84' lang='lat' dir='ltr'><strong>snut</strong></span> <span class='ocrx_word' id='word_1_208' title='bbox 189 4257 205 4328; x_wconf 89' lang='grc' dir='ltr'><strong>ΙΙ</strong></span> <span class='ocrx_word' id='word_1_209' title='bbox 218 4261 316 4327; x_wconf 78' lang='lat' dir='ltr'><strong>magnis</strong></span> <span class='ocrx_word' id='word_1_210' title='bbox 339 4261 342 4328; x_wconf 72' lang='grc'><strong>1</strong></span> <span class='ocrx_word' id='word_1_211' title='bbox 357 4265 408 4312; x_wconf 78' lang='grc'><strong>815</strong></span> <span class='ocrx_word' id='word_1_212' title='bbox 428 4263 528 4312; x_wconf 86' lang='lat' dir='ltr'><strong>colore.</strong></span> <span class='ocrx_word' id='word_1_213' title='bbox 550 4258 563 4328; x_wconf 85' lang='grc' dir='ltr'><strong>ΙΙ</strong></span> <span class='ocrx_word' id='word_1_214' title='bbox 584 4263 631 4310; x_wconf 77' lang='grc'><strong>821</strong></span> <span class='ocrx_word' id='word_1_215' title='bbox 646 4261 803 4326; x_wconf 78' lang='lat' dir='ltr'><strong>Omnigenns</strong></span> <span class='ocrx_word' id='word_1_216' title='bbox 818 4259 830 4330; x_wconf 71' lang='grc' dir='ltr'><strong>ΙΙ</strong></span> <span class='ocrx_word' id='word_1_217' title='bbox 846 4267 894 4312; x_wconf 78' lang='grc'><strong>827</strong></span> <span class='ocrx_word' id='word_1_218' title='bbox 909 4263 958 4312; x_wconf 90' lang='lat' dir='ltr'><strong>hoo</strong></span> <span class='ocrx_word' id='word_1_219' title='bbox 970 4263 1051 4326; x_wconf 80' lang='lat' dir='ltr'><strong>mugio</strong></span> <span class='ocrx_word' id='word_1_220' title='bbox 1064 4262 1145 4325; x_wconf 79' lang='lat' dir='ltr'><strong>magis</strong></span> <span class='ocrx_word' id='word_1_221' title='bbox 1160 4259 1174 4329; x_wconf 78' lang='grc' dir='ltr'>Η</span> 
     </span>
     <span class='ocr_line' id='line_1_34' title="bbox 73 4337 1176 4420; baseline 0.004 -27"><span class='ocrx_word' id='word_1_222' title='bbox 73 4337 114 4388; x_wconf 71' lang='lat'><strong>⁸29</strong></span> <span class='ocrx_word' id='word_1_223' title='bbox 131 4359 230 4397; x_wconf 77' lang='lat' dir='ltr'><strong>comm.</strong></span> <span class='ocrx_word' id='word_1_224' title='bbox 249 4347 261 4414; x_wconf 72' lang='lat' dir='ltr'><strong>&#39;i</strong></span> <span class='ocrx_word' id='word_1_225' title='bbox 285 4351 333 4398; x_wconf 76' lang='lat'><strong>8³1</strong></span> <span class='ocrx_word' id='word_1_226' title='bbox 355 4349 503 4398; x_wconf 83' lang='lat' dir='ltr'><strong>distractum</strong></span> <span class='ocrx_word' id='word_1_227' title='bbox 522 4357 560 4398; x_wconf 83' lang='lat' dir='ltr'><strong>est</strong></span> <span class='ocrx_word' id='word_1_228' title='bbox 577 4347 730 4412; x_wconf 84' lang='lat' dir='ltr'><strong>disperditur</strong></span> <span class='ocrx_word' id='word_1_229' title='bbox 750 4345 764 4416; x_wconf 84' lang='grc' dir='ltr'><strong>ΙΙ</strong></span> <span class='ocrx_word' id='word_1_230' title='bbox 784 4351 835 4397; x_wconf 81' lang='grc'><strong>840</strong></span> <span class='ocrx_word' id='word_1_231' title='bbox 854 4349 892 4398; x_wconf 87' lang='lat' dir='ltr'><strong>Nc</strong></span> <span class='ocrx_word' id='word_1_232' title='bbox 913 4347 926 4417; x_wconf 83' lang='grc' dir='ltr'>Η</span> <span class='ocrx_word' id='word_1_233' title='bbox 945 4353 992 4399; x_wconf 79' lang='grc'><strong>811</strong></span> <span class='ocrx_word' id='word_1_234' title='bbox 1015 4359 1141 4413; x_wconf 86' lang='lat' dir='ltr'><strong>notaque.</strong></span> <span class='ocrx_word' id='word_1_235' title='bbox 1163 4345 1176 4420; x_wconf 82' lang='grc' dir='ltr'><strong>ΙΙ</strong></span> 
     </span>
     <span class='ocr_line' id='line_1_35' title="bbox 74 4427 229 4497; baseline 0.097 -27"><span class='ocrx_word' id='word_1_236' title='bbox 74 4427 115 4474; x_wconf 77' lang='lat' dir='ltr'><strong>ddi</strong></span> <span class='ocrx_word' id='word_1_237' title='bbox 132 4434 229 4497; x_wconf 78' lang='lat' dir='ltr'><strong>spoliita</strong></span> 
     </span>
    </p>
   </div>
   <div class='ocr_carea' id='block_1_6' title="bbox 927 4531 975 4614">
    <p class='ocr_par' dir='ltr' id='par_1_14' title="bbox 927 4531 975 4614">
     <span class='ocr_line' id='line_1_36' title="bbox 927 4531 975 4614; baseline 0.208 -10"><span class='ocrx_word' id='word_1_238' title='bbox 927 4531 975 4614; x_wconf 55' lang='lat' dir='ltr'><strong>oi</strong></span> 
     </span>
    </p>
   </div>
   <div class='ocr_carea' id='block_1_7' title="bbox 0 0 1538 5144">
    <p class='ocr_par' dir='ltr' id='par_1_15' title="bbox 0 0 1538 5144">
     <span class='ocr_line' id='line_1_37' title="bbox 0 0 1538 5144; baseline 0 0"><span class='ocrx_word' id='word_1_239' title='bbox 0 0 1538 5144; x_wconf 95' lang='lat' dir='ltr'><strong> </strong></span> 
     </span>
    </p>
   </div>
  </div>
 </body>
</html>
