<?xml version="1.0" encoding="UTF-8"?>
<!DOCTYPE html PUBLIC "-//W3C//DTD XHTML 1.0 Transitional//EN"
    "http://www.w3.org/TR/xhtml1/DTD/xhtml1-transitional.dtd">
<html xmlns="http://www.w3.org/1999/xhtml" xml:lang="en" lang="en">
 <head>
  <title>
</title>
<meta http-equiv="Content-Type" content="text/html;charset=utf-8" />
  <meta name='ocr-system' content='tesseract 3.04.00' />
  <meta name='ocr-capabilities' content='ocr_page ocr_carea ocr_par ocr_line ocrx_word'/>
</head>
<body>
  <div class='ocr_page' id='page_1' title='image "./tlucreticarider24carugoog_0618.png"; bbox 0 0 3110 5146; ppageno 0'>
   <div class='ocr_carea' id='block_1_1' title="bbox 654 369 1324 449">
    <p class='ocr_par' dir='ltr' id='par_1_1' title="bbox 654 369 1324 449">
     <span class='ocr_line' id='line_1_1' title="bbox 654 369 1324 449; baseline 0.004 -3"><span class='ocrx_word' id='word_1_1' title='bbox 654 384 697 446; x_wconf 85' lang='grc' dir='ltr'><strong>νι</strong></span> <span class='ocrx_word' id='word_1_2' title='bbox 964 369 970 380; x_wconf 86' lang='grc'><strong>’</strong></span> <span class='ocrx_word' id='word_1_3' title='bbox 1166 384 1229 449; x_wconf 83' lang='lat' dir='ltr'><strong>ece</strong></span> <span class='ocrx_word' id='word_1_4' title='bbox 1318 371 1324 380; x_wconf 83' lang='lat'>&#39;</span> 
     </span>
    </p>
   </div>
   <div class='ocr_carea' id='block_1_2' title="bbox 122 554 1267 4640">
    <p class='ocr_par' dir='ltr' id='par_1_2' title="bbox 128 554 1230 1646">
     <span class='ocr_line' id='line_1_2' title="bbox 132 554 1229 641; baseline 0 -19"><span class='ocrx_word' id='word_1_5' title='bbox 132 557 183 622; x_wconf 82' lang='lat' dir='ltr'><strong>dre</strong></span> <span class='ocrx_word' id='word_1_6' title='bbox 204 556 430 621; x_wconf 79' lang='lat' dir='ltr'><em>collocaretur:</em></span> <span class='ocrx_word' id='word_1_7' title='bbox 445 554 519 620; x_wconf 84' lang='lat' dir='ltr'><strong>ride</strong></span> <span class='ocrx_word' id='word_1_8' title='bbox 534 554 701 620; x_wconf 88' lang='lat' dir='ltr'><strong>Kellerum</strong></span> <span class='ocrx_word' id='word_1_9' title='bbox 716 555 747 618; x_wconf 86' lang='lat' dir='ltr'><strong>in</strong></span> <span class='ocrx_word' id='word_1_10' title='bbox 768 555 969 620; x_wconf 89' lang='lat' dir='ltr'><strong>semestrium</strong></span> <span class='ocrx_word' id='word_1_11' title='bbox 984 577 1008 619; x_wconf 89' lang='lat'><strong>11</strong></span> <span class='ocrx_word' id='word_1_12' title='bbox 1030 577 1061 641; x_wconf 88' lang='lat' dir='ltr'><strong>p.</strong></span> <span class='ocrx_word' id='word_1_13' title='bbox 1073 556 1157 622; x_wconf 84' lang='lat'>443:</span> <span class='ocrx_word' id='word_1_14' title='bbox 1173 558 1229 622; x_wconf 75' lang='lat' dir='ltr'><strong>Idr-</strong></span> 
     </span>
     <span class='ocr_line' id='line_1_3' title="bbox 132 655 1230 742; baseline 0.004 -20"><span class='ocrx_word' id='word_1_15' title='bbox 132 657 275 723; x_wconf 87' lang='lat' dir='ltr'><strong>iurtcnsis</strong></span> <span class='ocrx_word' id='word_1_16' title='bbox 297 655 398 722; x_wconf 87' lang='lat' dir='ltr'><strong>codex</strong></span> <span class='ocrx_word' id='word_1_17' title='bbox 421 657 519 724; x_wconf 81' lang='lat' dir='ltr'><strong>habet</strong></span> <span class='ocrx_word' id='word_1_18' title='bbox 545 658 820 723; x_wconf 90' lang='lat' dir='ltr'><strong>coniunctionem.</strong></span> <span class='ocrx_word' id='word_1_19' title='bbox 838 677 877 722; x_wconf 83' lang='lat' dir='ltr'><strong>ex</strong></span> <span class='ocrx_word' id='word_1_20' title='bbox 899 659 1002 742; x_wconf 76' lang='lat' dir='ltr'><strong>poetis</strong></span> <span class='ocrx_word' id='word_1_21' title='bbox 1028 659 1078 724; x_wconf 92' lang='lat' dir='ltr'><strong>bis</strong></span> <span class='ocrx_word' id='word_1_22' title='bbox 1101 659 1146 726; x_wconf 87' lang='lat' dir='ltr'><strong>ita</strong></span> <span class='ocrx_word' id='word_1_23' title='bbox 1168 660 1230 726; x_wconf 77' lang='lat' dir='ltr'><strong>Hc</strong></span> 
     </span>
     <span class='ocr_line' id='line_1_4' title="bbox 132 757 1230 847; baseline 0.003 -23"><span class='ocrx_word' id='word_1_24' title='bbox 132 760 246 844; x_wconf 78' lang='lat' dir='ltr'><strong>ratius,</strong></span> <span class='ocrx_word' id='word_1_25' title='bbox 262 760 345 825; x_wconf 74' lang='lat' dir='ltr'><strong>silit</strong></span> <span class='ocrx_word' id='word_1_26' title='bbox 366 757 532 826; x_wconf 78' lang='lat' dir='ltr'><strong>adlabores</strong></span> <span class='ocrx_word' id='word_1_27' title='bbox 552 760 709 844; x_wconf 73' lang='lat' dir='ltr'><strong>Sadalam,</strong></span> <span class='ocrx_word' id='word_1_28' title='bbox 725 783 820 843; x_wconf 87' lang='lat' dir='ltr'><strong>cure,</strong></span> <span class='ocrx_word' id='word_1_29' title='bbox 837 765 869 824; x_wconf 81' lang='lat' dir='ltr'><strong>et</strong></span> <span class='ocrx_word' id='word_1_30' title='bbox 890 759 1058 847; x_wconf 84' lang='lat' dir='ltr'><strong>Imprr&#39;raat</strong></span> <span class='ocrx_word' id='word_1_31' title='bbox 1080 763 1129 826; x_wconf 81' lang='lat' dir='ltr'><strong>Iris</strong></span> <span class='ocrx_word' id='word_1_32' title='bbox 1151 787 1230 827; x_wconf 87' lang='lat' dir='ltr'><strong>cura</strong></span> 
     </span>
     <span class='ocr_line' id='line_1_5' title="bbox 132 862 1229 948; baseline 0.004 -22"><span class='ocrx_word' id='word_1_33' title='bbox 132 863 299 948; x_wconf 80' lang='lat' dir='ltr'><strong>Maecenas</strong></span> <span class='ocrx_word' id='word_1_34' title='bbox 308 865 402 948; x_wconf 68' lang='lat' dir='ltr'><strong>rique</strong></span> <span class='ocrx_word' id='word_1_35' title='bbox 417 862 560 944; x_wconf 75' lang='lat' dir='ltr'><strong>tabellis,</strong></span> <span class='ocrx_word' id='word_1_36' title='bbox 577 881 682 946; x_wconf 90' lang='lat' dir='ltr'><strong>neque</strong></span> <span class='ocrx_word' id='word_1_37' title='bbox 697 863 725 928; x_wconf 90' lang='lat' dir='ltr'><strong>is</strong></span> <span class='ocrx_word' id='word_1_38' title='bbox 740 881 892 945; x_wconf 89' lang='lat' dir='ltr'><strong>umquam</strong></span> <span class='ocrx_word' id='word_1_39' title='bbox 907 876 940 927; x_wconf 86' lang='lat' dir='ltr'><strong>ut</strong></span> <span class='ocrx_word' id='word_1_40' title='bbox 955 862 1102 929; x_wconf 81' lang='lat' dir='ltr'><strong>addidit.</strong></span> <span class='ocrx_word' id='word_1_41' title='bbox 1119 863 1229 948; x_wconf 84' lang='lat' dir='ltr'><strong>Vergi-</strong></span> 
     </span>
     <span class='ocr_line' id='line_1_6' title="bbox 130 961 1228 1048; baseline 0.002 -20"><span class='ocrx_word' id='word_1_42' title='bbox 130 965 187 1030; x_wconf 90' lang='lat' dir='ltr'><strong>lius</strong></span> <span class='ocrx_word' id='word_1_43' title='bbox 209 963 338 1048; x_wconf 89' lang='lat' dir='ltr'><strong>quidem</strong></span> <span class='ocrx_word' id='word_1_44' title='bbox 362 961 497 1030; x_wconf 83' lang='lat' dir='ltr'><strong>Ovidius</strong></span> <span class='ocrx_word' id='word_1_45' title='bbox 514 963 684 1031; x_wconf 81' lang='lat' dir='ltr'><strong>luvenalis</strong></span> <span class='ocrx_word' id='word_1_46' title='bbox 706 971 821 1031; x_wconf 71' lang='lat' dir='ltr'><strong>neuma</strong></span> <span class='ocrx_word' id='word_1_47' title='bbox 843 965 968 1030; x_wconf 85' lang='lat' dir='ltr'><strong>ratione</strong></span> <span class='ocrx_word' id='word_1_48' title='bbox 989 965 1040 1030; x_wconf 90' lang='lat' dir='ltr'><strong>usi</strong></span> <span class='ocrx_word' id='word_1_49' title='bbox 1062 971 1155 1031; x_wconf 85' lang='lat' dir='ltr'><strong>sunt:</strong></span> <span class='ocrx_word' id='word_1_50' title='bbox 1171 965 1228 1032; x_wconf 91' lang='lat' dir='ltr'><strong>sed</strong></span> 
     </span>
     <span class='ocr_line' id='line_1_7' title="bbox 130 1065 1229 1152; baseline 0.001 -19"><span class='ocrx_word' id='word_1_51' title='bbox 130 1067 291 1133; x_wconf 74' lang='lat' dir='ltr'><strong>Lueretius</strong></span> <span class='ocrx_word' id='word_1_52' title='bbox 305 1088 351 1150; x_wconf 80' lang='grc' dir='ltr'>ιιι,</span> <span class='ocrx_word' id='word_1_53' title='bbox 367 1065 425 1130; x_wconf 88' lang='grc'><strong>121</strong></span> <span class='ocrx_word' id='word_1_54' title='bbox 442 1090 557 1132; x_wconf 88' lang='lat' dir='ltr'><strong>curare</strong></span> <span class='ocrx_word' id='word_1_55' title='bbox 572 1068 606 1132; x_wconf 82' lang='lat' dir='ltr'><strong>r&#39;rt</strong></span> <span class='ocrx_word' id='word_1_56' title='bbox 620 1068 766 1133; x_wconf 65' lang='lat' dir='ltr'><strong>murno</strong></span> <span class='ocrx_word' id='word_1_57' title='bbox 780 1081 815 1132; x_wconf 88' lang='lat' dir='ltr'><strong>ut</strong></span> <span class='ocrx_word' id='word_1_58' title='bbox 829 1069 894 1132; x_wconf 83' lang='lat' dir='ltr'><strong>or&#39;ta</strong></span> <span class='ocrx_word' id='word_1_59' title='bbox 904 1081 1041 1134; x_wconf 76' lang='lat' dir='ltr'><strong><em>moretur</em></strong></span> <span class='ocrx_word' id='word_1_60' title='bbox 1056 1073 1088 1133; x_wconf 88' lang='lat' dir='ltr'><strong>et</strong></span> <span class='ocrx_word' id='word_1_61' title='bbox 1103 1089 1132 1152; x_wconf 81' lang='lat' dir='ltr'><strong>v,</strong></span> <span class='ocrx_word' id='word_1_62' title='bbox 1148 1069 1229 1134; x_wconf 81' lang='lat'>1015</span> 
     </span>
     <span class='ocr_line' id='line_1_8' title="bbox 129 1169 1230 1256; baseline 0.003 -23"><span class='ocrx_word' id='word_1_63' title='bbox 129 1171 215 1255; x_wconf 71' lang='lat' dir='ltr'><strong>lanb</strong></span> <span class='ocrx_word' id='word_1_64' title='bbox 229 1171 311 1234; x_wconf 70' lang='lat' dir='ltr'><strong>carin</strong></span> <span class='ocrx_word' id='word_1_65' title='bbox 326 1169 451 1234; x_wconf 75' lang='lat' dir='ltr'><strong>curavit</strong></span> <span class='ocrx_word' id='word_1_66' title='bbox 466 1182 500 1234; x_wconf 85' lang='lat' dir='ltr'><strong>ut</strong></span> <span class='ocrx_word' id='word_1_67' title='bbox 514 1169 600 1234; x_wconf 82' lang='lat' dir='ltr'><strong>alcr&#39;a</strong></span> <span class='ocrx_word' id='word_1_68' title='bbox 614 1193 748 1256; x_wconf 84' lang='lat' dir='ltr'><strong>corpora</strong></span> <span class='ocrx_word' id='word_1_69' title='bbox 748 1170 865 1256; x_wconf 75' lang='lat' dir='ltr'><strong>frique</strong></span> <span class='ocrx_word' id='word_1_70' title='bbox 876 1169 950 1234; x_wconf 86' lang='lat' dir='ltr'><strong>Noa</strong></span> <span class='ocrx_word' id='word_1_71' title='bbox 965 1171 1011 1234; x_wconf 81' lang='lat' dir='ltr'><strong>r‘tu</strong></span> <span class='ocrx_word' id='word_1_72' title='bbox 1026 1171 1092 1235; x_wconf 78' lang='lat' dir='ltr'><strong>iam</strong></span> <span class='ocrx_word' id='word_1_73' title='bbox 1103 1184 1230 1256; x_wconf 82' lang='lat' dir='ltr'><strong>possent</strong></span> 
     </span>
     <span class='ocr_line' id='line_1_9' title="bbox 129 1270 1227 1358; baseline 0.002 -22"><span class='ocrx_word' id='word_1_74' title='bbox 129 1273 207 1338; x_wconf 82' lang='lat' dir='ltr'><strong>caeli</strong></span> <span class='ocrx_word' id='word_1_75' title='bbox 218 1273 274 1338; x_wconf 78' lang='lat' dir='ltr'><strong>rub</strong></span> <span class='ocrx_word' id='word_1_76' title='bbox 290 1271 544 1357; x_wconf 73' lang='lat' dir='ltr'><strong>upmrireferrc.</strong></span> <span class='ocrx_word' id='word_1_77' title='bbox 562 1291 639 1355; x_wconf 83' lang='lat' dir='ltr'><strong>ergo</strong></span> <span class='ocrx_word' id='word_1_78' title='bbox 653 1271 704 1338; x_wconf 93' lang='lat' dir='ltr'><strong>hic</strong></span> <span class='ocrx_word' id='word_1_79' title='bbox 715 1279 771 1337; x_wconf 89' lang='lat' dir='ltr'><strong>aut</strong></span> <span class='ocrx_word' id='word_1_80' title='bbox 784 1289 855 1337; x_wconf 90' lang='lat' dir='ltr'><strong>cum</strong></span> <span class='ocrx_word' id='word_1_81' title='bbox 871 1271 1028 1358; x_wconf 83' lang='lat' dir='ltr'><strong>Lambino</strong></span> <span class='ocrx_word' id='word_1_82' title='bbox 1044 1270 1227 1338; x_wconf 87' lang='lat' dir='ltr'><strong>addendum</strong></span> 
     </span>
     <span class='ocr_line' id='line_1_10' title="bbox 129 1371 1229 1460; baseline 0 -20"><span class='ocrx_word' id='word_1_83' title='bbox 129 1379 174 1440; x_wconf 85' lang='lat' dir='ltr'><strong>est</strong></span> <span class='ocrx_word' id='word_1_84' title='bbox 186 1387 239 1457; x_wconf 86' lang='lat' dir='ltr'><strong>ut,</strong></span> <span class='ocrx_word' id='word_1_85' title='bbox 256 1381 311 1439; x_wconf 89' lang='lat' dir='ltr'><strong>aut</strong></span> <span class='ocrx_word' id='word_1_86' title='bbox 326 1373 434 1458; x_wconf 91' lang='lat' dir='ltr'><strong>potius</strong></span> <span class='ocrx_word' id='word_1_87' title='bbox 454 1371 636 1439; x_wconf 85' lang='lat' dir='ltr'><strong>laciendum</strong></span> <span class='ocrx_word' id='word_1_88' title='bbox 653 1374 752 1440; x_wconf 77' lang='lat' dir='ltr'><strong>Curat</strong></span> <span class='ocrx_word' id='word_1_89' title='bbox 766 1395 853 1437; x_wconf 82' lang='lat' dir='ltr'><strong>urar</strong></span> <span class='ocrx_word' id='word_1_90' title='bbox 874 1377 961 1439; x_wconf 82' lang='lat' dir='ltr'><strong>varie</strong></span> <span class='ocrx_word' id='word_1_91' title='bbox 975 1375 1127 1460; x_wconf 66' lang='lat' dir='ltr'><strong>interrae.</strong></span> <span class='ocrx_word' id='word_1_92' title='bbox 1144 1375 1229 1440; x_wconf 90' lang='lat' dir='ltr'><strong>simi-</strong></span> 
     </span>
     <span class='ocr_line' id='line_1_11' title="bbox 129 1475 1229 1561; baseline 0.003 -21"><span class='ocrx_word' id='word_1_93' title='bbox 129 1477 197 1542; x_wconf 89' lang='lat' dir='ltr'><strong>liter</strong></span> <span class='ocrx_word' id='word_1_94' title='bbox 218 1476 417 1561; x_wconf 87' lang='lat' dir='ltr'><strong>exemplaria</strong></span> <span class='ocrx_word' id='word_1_95' title='bbox 439 1494 574 1560; x_wconf 87' lang='lat' dir='ltr'><strong>peccare</strong></span> <span class='ocrx_word' id='word_1_96' title='bbox 593 1476 733 1542; x_wconf 88' lang='lat' dir='ltr'><strong>vidimus</strong></span> <span class='ocrx_word' id='word_1_97' title='bbox 755 1475 836 1542; x_wconf 89' lang='lat' dir='ltr'><strong>libro</strong></span> <span class='ocrx_word' id='word_1_98' title='bbox 851 1497 872 1561; x_wconf 86' lang='lat'><strong>1,</strong></span> <span class='ocrx_word' id='word_1_99' title='bbox 885 1475 948 1542; x_wconf 78' lang='lat'><strong>753</strong></span> <span class='ocrx_word' id='word_1_100' title='bbox 970 1483 1002 1542; x_wconf 90' lang='lat' dir='ltr'><strong>et</strong></span> <span class='ocrx_word' id='word_1_101' title='bbox 1024 1477 1117 1542; x_wconf 85' lang='lat' dir='ltr'><strong>tertio</strong></span> <span class='ocrx_word' id='word_1_102' title='bbox 1141 1477 1229 1543; x_wconf 85' lang='lat' dir='ltr'><strong>vide·</strong></span> 
     </span>
     <span class='ocr_line' id='line_1_12' title="bbox 128 1577 580 1646; baseline 0.002 -2"><span class='ocrx_word' id='word_1_103' title='bbox 128 1578 227 1644; x_wconf 88' lang='lat' dir='ltr'><strong>binus</strong></span> <span class='ocrx_word' id='word_1_104' title='bbox 249 1577 337 1644; x_wconf 85' lang='lat' dir='ltr'><strong>inira</strong></span> <span class='ocrx_word' id='word_1_105' title='bbox 358 1597 453 1644; x_wconf 86' lang='lat' dir='ltr'><strong>versu</strong></span> <span class='ocrx_word' id='word_1_106' title='bbox 479 1579 580 1646; x_wconf 86' lang='grc'><strong>1022.</strong></span> 
     </span>
    </p>

    <p class='ocr_par' dir='ltr' id='par_1_3' title="bbox 124 1681 1229 2794">
     <span class='ocr_line' id='line_1_13' title="bbox 207 1681 1228 1761; baseline 0.002 -15"><span class='ocrx_word' id='word_1_107' title='bbox 207 1681 281 1747; x_wconf 87' lang='grc'><strong>233.</strong></span> <span class='ocrx_word' id='word_1_108' title='bbox 304 1700 479 1752; x_wconf 78' lang='lat' dir='ltr'><strong>asaneus</strong></span> <span class='ocrx_word' id='word_1_109' title='bbox 511 1702 619 1746; x_wconf 76' lang='lat' dir='ltr'><strong>asem</strong></span> <span class='ocrx_word' id='word_1_110' title='bbox 657 1701 897 1746; x_wconf 71' lang='lat' dir='ltr'><strong>parassemus</strong></span> <span class='ocrx_word' id='word_1_111' title='bbox 930 1703 1060 1758; x_wconf 78' lang='lat' dir='ltr'><strong>vssrs.</strong></span> <span class='ocrx_word' id='word_1_112' title='bbox 1084 1681 1228 1761; x_wconf 79' lang='lat' dir='ltr'><strong>Quadra·</strong></span> 
     </span>
     <span class='ocr_line' id='line_1_14' title="bbox 127 1782 1229 1870; baseline -0.002 -20"><span class='ocrx_word' id='word_1_113' title='bbox 127 1785 291 1870; x_wconf 86' lang='lat' dir='ltr'><strong>tusfacet.</strong></span> <span class='ocrx_word' id='word_1_114' title='bbox 307 1782 468 1865; x_wconf 80' lang='lat' dir='ltr'><strong>oblongus</strong></span> <span class='ocrx_word' id='word_1_115' title='bbox 484 1783 585 1849; x_wconf 73' lang='lat' dir='ltr'><strong>taum</strong></span> <span class='ocrx_word' id='word_1_116' title='bbox 606 1786 736 1850; x_wconf 79' lang='lat' dir='ltr'><strong>minuc.</strong></span> <span class='ocrx_word' id='word_1_117' title='bbox 752 1784 935 1850; x_wconf 86' lang='lat' dir='ltr'><strong>Marcianus</strong></span> <span class='ocrx_word' id='word_1_118' title='bbox 951 1785 1085 1870; x_wconf 82' lang='lat' dir='ltr'>Capella</span> <span class='ocrx_word' id='word_1_119' title='bbox 1098 1785 1180 1851; x_wconf 90' lang='lat' dir='ltr'><strong>libro</strong></span> <span class='ocrx_word' id='word_1_120' title='bbox 1192 1807 1229 1848; x_wconf 90' lang='lat'><strong>111</strong></span> 
     </span>
     <span class='ocr_line' id='line_1_15' title="bbox 127 1887 1229 1974; baseline -0.002 -20"><span class='ocrx_word' id='word_1_121' title='bbox 127 1887 222 1968; x_wconf 74' lang='lat'><strong>§.295</strong></span> <span class='ocrx_word' id='word_1_122' title='bbox 233 1887 404 1953; x_wconf 63' lang='lat' dir='ltr'><strong>Martius</strong></span> <span class='ocrx_word' id='word_1_123' title='bbox 414 1899 518 1952; x_wconf 80' lang='lat' dir='ltr'><strong>tornea</strong></span> <span class='ocrx_word' id='word_1_124' title='bbox 526 1889 669 1972; x_wconf 76' lang='lat' dir='ltr'><strong>pacatico</strong></span> <span class='ocrx_word' id='word_1_125' title='bbox 680 1889 763 1969; x_wconf 76' lang='lat' dir='ltr'><strong>vasi,</strong></span> <span class='ocrx_word' id='word_1_126' title='bbox 775 1889 945 1974; x_wconf 81' lang='lat' dir='ltr'><strong>atrocique</strong></span> <span class='ocrx_word' id='word_1_127' title='bbox 945 1889 1034 1974; x_wconf 76' lang='lat' dir='ltr'><strong>facit</strong></span> <span class='ocrx_word' id='word_1_128' title='bbox 1041 1888 1229 1954; x_wconf 80' lang='lat' dir='ltr'><strong>lateramina</strong></span> 
     </span>
     <span class='ocr_line' id='line_1_16' title="bbox 127 1988 1228 2074; baseline 0.002 -20"><span class='ocrx_word' id='word_1_129' title='bbox 127 1992 213 2056; x_wconf 69' lang='lat' dir='ltr'><strong>aaa.</strong></span> <span class='ocrx_word' id='word_1_130' title='bbox 228 1995 396 2072; x_wconf 86' lang='lat' dir='ltr'><strong>utramque</strong></span> <span class='ocrx_word' id='word_1_131' title='bbox 419 1988 562 2072; x_wconf 85' lang='lat' dir='ltr'><strong>genetivi</strong></span> <span class='ocrx_word' id='word_1_132' title='bbox 585 1988 721 2054; x_wconf 87' lang='lat' dir='ltr'><strong>formam</strong></span> <span class='ocrx_word' id='word_1_133' title='bbox 746 1989 910 2056; x_wconf 79' lang='lat' dir='ltr'>Charisius</span> <span class='ocrx_word' id='word_1_134' title='bbox 932 1989 1080 2072; x_wconf 82' lang='lat' dir='ltr'><strong>agnoscit</strong></span> <span class='ocrx_word' id='word_1_135' title='bbox 1101 2010 1132 2074; x_wconf 90' lang='lat' dir='ltr'><strong>p.</strong></span> <span class='ocrx_word' id='word_1_136' title='bbox 1148 1990 1228 2073; x_wconf 85' lang='lat'>119,</span> 
     </span>
     <span class='ocr_line' id='line_1_17' title="bbox 127 2091 1229 2176; baseline 0 -20"><span class='ocrx_word' id='word_1_137' title='bbox 127 2093 212 2158; x_wconf 89' lang='lat' dir='ltr'><strong>cuius</strong></span> <span class='ocrx_word' id='word_1_138' title='bbox 232 2099 378 2176; x_wconf 85' lang='lat' dir='ltr'><strong>tempore</strong></span> <span class='ocrx_word' id='word_1_139' title='bbox 399 2113 510 2156; x_wconf 84' lang='lat' dir='ltr'><strong>eccum</strong></span> <span class='ocrx_word' id='word_1_140' title='bbox 532 2091 733 2174; x_wconf 84' lang='lat' dir='ltr'><strong>antiquatum</strong></span> <span class='ocrx_word' id='word_1_141' title='bbox 756 2098 845 2176; x_wconf 90' lang='lat' dir='ltr'><strong>erat,</strong></span> <span class='ocrx_word' id='word_1_142' title='bbox 861 2092 919 2158; x_wconf 91' lang='lat' dir='ltr'><strong>sed</strong></span> <span class='ocrx_word' id='word_1_143' title='bbox 942 2093 1040 2174; x_wconf 83' lang='lat' dir='ltr'><strong>vulgo</strong></span> <span class='ocrx_word' id='word_1_144' title='bbox 1064 2091 1229 2158; x_wconf 76' lang='lat' dir='ltr'><strong>dicebatur</strong></span> 
     </span>
     <span class='ocr_line' id='line_1_18' title="bbox 126 2191 1229 2284; baseline -0.004 -23"><span class='ocrx_word' id='word_1_145' title='bbox 126 2219 216 2280; x_wconf 83' lang='lat' dir='ltr'><strong>euro,</strong></span> <span class='ocrx_word' id='word_1_146' title='bbox 232 2215 298 2280; x_wconf 90' lang='lat' dir='ltr'><strong>quo</strong></span> <span class='ocrx_word' id='word_1_147' title='bbox 314 2195 378 2260; x_wconf 89' lang='lat' dir='ltr'><strong>iam</strong></span> <span class='ocrx_word' id='word_1_148' title='bbox 393 2213 470 2260; x_wconf 89' lang='lat' dir='ltr'><strong>usus</strong></span> <span class='ocrx_word' id='word_1_149' title='bbox 488 2200 538 2260; x_wconf 90' lang='lat' dir='ltr'><strong>est</strong></span> <span class='ocrx_word' id='word_1_150' title='bbox 552 2191 732 2259; x_wconf 79' lang='lat' dir='ltr'>Columella</span> <span class='ocrx_word' id='word_1_151' title='bbox 747 2215 780 2280; x_wconf 85' lang='lat' dir='ltr'><strong>n,</strong></span> <span class='ocrx_word' id='word_1_152' title='bbox 793 2195 822 2279; x_wconf 82' lang='lat'><strong>2,</strong></span> <span class='ocrx_word' id='word_1_153' title='bbox 835 2195 897 2262; x_wconf 89' lang='grc'><strong>20.</strong></span> <span class='ocrx_word' id='word_1_154' title='bbox 914 2195 1079 2284; x_wconf 79' lang='lat' dir='ltr'><strong>Vitruvius</strong></span> <span class='ocrx_word' id='word_1_155' title='bbox 1094 2194 1229 2280; x_wconf 87' lang='lat' dir='ltr'>v111‚1‚4</span> 
     </span>
     <span class='ocr_line' id='line_1_19' title="bbox 126 2296 1228 2384; baseline 0.001 -22"><span class='ocrx_word' id='word_1_156' title='bbox 126 2321 215 2382; x_wconf 83' lang='lat' dir='ltr'><strong>caso,</strong></span> <span class='ocrx_word' id='word_1_157' title='bbox 230 2297 291 2365; x_wconf 86' lang='lat' dir='ltr'><strong>sed</strong></span> <span class='ocrx_word' id='word_1_158' title='bbox 306 2297 391 2362; x_wconf 87' lang='lat' dir='ltr'><strong>idem</strong></span> <span class='ocrx_word' id='word_1_159' title='bbox 406 2297 441 2361; x_wconf 82' lang='lat' dir='ltr'><strong>r&#39;rr</strong></span> <span class='ocrx_word' id='word_1_160' title='bbox 465 2320 576 2361; x_wconf 84' lang='lat' dir='ltr'><strong>cacum</strong></span> <span class='ocrx_word' id='word_1_161' title='bbox 591 2317 625 2360; x_wconf 84' lang='lat' dir='ltr'><strong>tx</strong></span> <span class='ocrx_word' id='word_1_162' title='bbox 647 2296 750 2380; x_wconf 84' lang='lat' dir='ltr'><strong>praes.</strong></span> <span class='ocrx_word' id='word_1_163' title='bbox 766 2298 803 2360; x_wconf 92' lang='grc'><strong>11</strong></span> <span class='ocrx_word' id='word_1_164' title='bbox 818 2347 825 2362; x_wconf 94' lang='grc'><strong>.</strong></span> <span class='ocrx_word' id='word_1_165' title='bbox 841 2297 1089 2364; x_wconf 75' lang='lat' dir='ltr'><strong>declinationem</strong></span> <span class='ocrx_word' id='word_1_166' title='bbox 1104 2299 1211 2384; x_wconf 81' lang='lat' dir='ltr'><strong>r&#39;upcrr&#39;</strong></span> <span class='ocrx_word' id='word_1_167' title='bbox 1219 2347 1228 2380; x_wconf 90' lang='lat'><em>,</em></span> 
     </span>
     <span class='ocr_line' id='line_1_20' title="bbox 126 2399 1228 2486; baseline 0.002 -24"><span class='ocrx_word' id='word_1_168' title='bbox 126 2399 156 2464; x_wconf 91' lang='lat' dir='ltr'><strong>in</strong></span> <span class='ocrx_word' id='word_1_169' title='bbox 177 2419 242 2484; x_wconf 88' lang='lat' dir='ltr'><strong>qua</strong></span> <span class='ocrx_word' id='word_1_170' title='bbox 257 2399 423 2466; x_wconf 87' lang='lat' dir='ltr'><strong>simillima</strong></span> <span class='ocrx_word' id='word_1_171' title='bbox 438 2399 630 2483; x_wconf 81' lang='lat' dir='ltr'><strong>imparilitas</strong></span> <span class='ocrx_word' id='word_1_172' title='bbox 645 2405 714 2484; x_wconf 89' lang='lat' dir='ltr'><strong>ast,</strong></span> <span class='ocrx_word' id='word_1_173' title='bbox 730 2406 806 2466; x_wconf 87' lang='lat' dir='ltr'><strong>ante</strong></span> <span class='ocrx_word' id='word_1_174' title='bbox 828 2401 953 2486; x_wconf 89' lang='lat' dir='ltr'><strong>aliquot</strong></span> <span class='ocrx_word' id='word_1_175' title='bbox 967 2421 1070 2468; x_wconf 88' lang='lat' dir='ltr'><strong>annos</strong></span> <span class='ocrx_word' id='word_1_176' title='bbox 1085 2400 1179 2466; x_wconf 89' lang='lat' dir='ltr'><strong>docui</strong></span> <span class='ocrx_word' id='word_1_177' title='bbox 1195 2401 1228 2464; x_wconf 93' lang='lat' dir='ltr'><strong>in</strong></span> 
     </span>
     <span class='ocr_line' id='line_1_21' title="bbox 124 2501 1229 2590; baseline 0.003 -24"><span class='ocrx_word' id='word_1_178' title='bbox 124 2521 204 2568; x_wconf 83' lang='lat' dir='ltr'><strong>nevo</strong></span> <span class='ocrx_word' id='word_1_179' title='bbox 232 2521 345 2568; x_wconf 87' lang='lat' dir='ltr'><strong>museo</strong></span> <span class='ocrx_word' id='word_1_180' title='bbox 367 2501 522 2567; x_wconf 85' lang='lat' dir='ltr'><strong>Rhenane</strong></span> <span class='ocrx_word' id='word_1_181' title='bbox 544 2522 581 2564; x_wconf 85' lang='lat'><strong>111</strong></span> <span class='ocrx_word' id='word_1_182' title='bbox 603 2503 732 2587; x_wconf 75' lang='lat' dir='ltr'><strong>poce:</strong></span> <span class='ocrx_word' id='word_1_183' title='bbox 748 2501 806 2568; x_wconf 90' lang='lat' dir='ltr'><strong>sed</strong></span> <span class='ocrx_word' id='word_1_184' title='bbox 832 2510 897 2569; x_wconf 89' lang='lat' dir='ltr'><strong>tum</strong></span> <span class='ocrx_word' id='word_1_185' title='bbox 919 2503 1120 2589; x_wconf 81' lang='lat' dir='ltr'><strong>praetermisi</strong></span> <span class='ocrx_word' id='word_1_186' title='bbox 1143 2504 1229 2590; x_wconf 82' lang='lat' dir='ltr'><strong>iupe-</strong></span> 
     </span>
     <span class='ocr_line' id='line_1_22' title="bbox 124 2604 1228 2691; baseline 0.004 -23"><span class='ocrx_word' id='word_1_187' title='bbox 124 2629 226 2671; x_wconf 79' lang='lat' dir='ltr'><strong>rcrum</strong></span> <span class='ocrx_word' id='word_1_188' title='bbox 248 2604 456 2688; x_wconf 74' lang='lat' dir='ltr'><strong>genetivum,</strong></span> <span class='ocrx_word' id='word_1_189' title='bbox 470 2623 564 2688; x_wconf 90' lang='lat' dir='ltr'><strong>quem</strong></span> <span class='ocrx_word' id='word_1_190' title='bbox 587 2605 712 2671; x_wconf 77' lang='lat' dir='ltr'><strong>noant</strong></span> <span class='ocrx_word' id='word_1_191' title='bbox 733 2625 774 2672; x_wconf 89' lang='lat' dir='ltr'><strong>ex</strong></span> <span class='ocrx_word' id='word_1_192' title='bbox 794 2605 918 2672; x_wconf 90' lang='lat' dir='ltr'><strong>Lucilio</strong></span> <span class='ocrx_word' id='word_1_193' title='bbox 934 2605 1097 2673; x_wconf 79' lang='lat' dir='ltr'><strong>Charisius</strong></span> <span class='ocrx_word' id='word_1_194' title='bbox 1119 2627 1150 2691; x_wconf 89' lang='lat' dir='ltr'><strong>p.</strong></span> <span class='ocrx_word' id='word_1_195' title='bbox 1166 2605 1228 2687; x_wconf 87' lang='lat'><strong>40,</strong></span> 
     </span>
     <span class='ocr_line' id='line_1_23' title="bbox 125 2705 1042 2794; baseline 0.007 -24"><span class='ocrx_word' id='word_1_196' title='bbox 125 2707 175 2774; x_wconf 89' lang='lat' dir='ltr'><strong>ubi</strong></span> <span class='ocrx_word' id='word_1_197' title='bbox 196 2707 352 2792; x_wconf 86' lang='lat' dir='ltr'><strong>scriptum</strong></span> <span class='ocrx_word' id='word_1_198' title='bbox 375 2714 425 2772; x_wconf 87' lang='lat' dir='ltr'><strong>est</strong></span> <span class='ocrx_word' id='word_1_199' title='bbox 446 2707 612 2794; x_wconf 75' lang='lat' dir='ltr'><strong>luparum,</strong></span> <span class='ocrx_word' id='word_1_200' title='bbox 629 2705 716 2791; x_wconf 91' lang='lat' dir='ltr'><strong>quod</strong></span> <span class='ocrx_word' id='word_1_201' title='bbox 739 2707 889 2774; x_wconf 85' lang='lat' dir='ltr'><strong>dixerunt</strong></span> <span class='ocrx_word' id='word_1_202' title='bbox 911 2728 1042 2777; x_wconf 91' lang='lat' dir='ltr'><strong>omnes.</strong></span> 
     </span>
    </p>

    <p class='ocr_par' dir='ltr' id='par_1_4' title="bbox 122 2810 1231 3611">
     <span class='ocr_line' id='line_1_24' title="bbox 206 2810 1229 2891; baseline -0.004 -15"><span class='ocrx_word' id='word_1_203' title='bbox 206 2810 282 2876; x_wconf 81' lang='grc'><strong>234.</strong></span> <span class='ocrx_word' id='word_1_204' title='bbox 306 2811 524 2874; x_wconf 82' lang='lat' dir='ltr'><strong>Anvuurass</strong></span> <span class='ocrx_word' id='word_1_205' title='bbox 547 2828 667 2871; x_wconf 81' lang='grc' dir='ltr'>οιιοιι</span> <span class='ocrx_word' id='word_1_206' title='bbox 689 2829 794 2891; x_wconf 80' lang='lat' dir='ltr'><strong>arus,</strong></span> <span class='ocrx_word' id='word_1_207' title='bbox 810 2831 855 2874; x_wconf 84' lang='lat' dir='ltr'><strong>ur</strong></span> <span class='ocrx_word' id='word_1_208' title='bbox 877 2831 1098 2876; x_wconf 78' lang='lat' dir='ltr'><strong>rusruusrus</strong></span> <span class='ocrx_word' id='word_1_209' title='bbox 1120 2832 1156 2874; x_wconf 83' lang='lat' dir='ltr'><strong>ss</strong></span> <span class='ocrx_word' id='word_1_210' title='bbox 1177 2832 1229 2873; x_wconf 83' lang='lat' dir='ltr'><strong>rr-</strong></span> 
     </span>
     <span class='ocr_line' id='line_1_25' title="bbox 125 2912 1227 2978; baseline 0.002 -4"><span class='ocrx_word' id='word_1_211' title='bbox 125 2933 191 2976; x_wconf 83' lang='lat' dir='ltr'><strong>sun</strong></span> <span class='ocrx_word' id='word_1_212' title='bbox 227 2912 445 2978; x_wconf 82' lang='lat' dir='ltr'><strong>Mosrusrsa</strong></span> <span class='ocrx_word' id='word_1_213' title='bbox 485 2931 647 2975; x_wconf 79' lang='lat' dir='ltr'><strong>secunus</strong></span> <span class='ocrx_word' id='word_1_214' title='bbox 688 2933 846 2977; x_wconf 81' lang='lat' dir='ltr'><strong>nsrrsar</strong></span> <span class='ocrx_word' id='word_1_215' title='bbox 886 2933 1094 2977; x_wconf 77' lang='grc' dir='ltr'>ιιιιιιοιιιιιι</span> <span class='ocrx_word' id='word_1_216' title='bbox 1133 2933 1227 2976; x_wconf 79' lang='lat' dir='ltr'><strong>usur.</strong></span> 
     </span>
     <span class='ocr_line' id='line_1_26' title="bbox 124 3013 1230 3100; baseline 0 -20"><span class='ocrx_word' id='word_1_217' title='bbox 124 3015 209 3082; x_wconf 89' lang='lat' dir='ltr'><strong>Haec</strong></span> <span class='ocrx_word' id='word_1_218' title='bbox 230 3015 311 3100; x_wconf 88' lang='lat' dir='ltr'><strong>quia</strong></span> <span class='ocrx_word' id='word_1_219' title='bbox 332 3014 526 3080; x_wconf 88' lang='lat' dir='ltr'><strong>sententiam</strong></span> <span class='ocrx_word' id='word_1_220' title='bbox 546 3034 613 3080; x_wconf 91' lang='lat' dir='ltr'><strong>non</strong></span> <span class='ocrx_word' id='word_1_221' title='bbox 637 3013 780 3098; x_wconf 78' lang='lat' dir='ltr'><strong>iaciunt,</strong></span> <span class='ocrx_word' id='word_1_222' title='bbox 796 3013 999 3081; x_wconf 87' lang='lat' dir='ltr'><strong>Wakefieldo</strong></span> <span class='ocrx_word' id='word_1_223' title='bbox 1026 3015 1159 3098; x_wconf 89' lang='lat' dir='ltr'><strong>eiusque</strong></span> <span class='ocrx_word' id='word_1_224' title='bbox 1181 3035 1230 3080; x_wconf 87' lang='lat' dir='ltr'><strong>as·</strong></span> 
     </span>
     <span class='ocr_line' id='line_1_27' title="bbox 124 3116 1229 3205; baseline 0 -22"><span class='ocrx_word' id='word_1_225' title='bbox 124 3119 216 3186; x_wconf 88' lang='lat' dir='ltr'><strong>seclis</strong></span> <span class='ocrx_word' id='word_1_226' title='bbox 237 3118 449 3205; x_wconf 87' lang='lat' dir='ltr'><strong>placuerunt.</strong></span> <span class='ocrx_word' id='word_1_227' title='bbox 466 3123 602 3201; x_wconf 83' lang='lat' dir='ltr'><strong>apparet</strong></span> <span class='ocrx_word' id='word_1_228' title='bbox 628 3123 736 3182; x_wconf 83' lang='lat' dir='ltr'><strong>autem</strong></span> <span class='ocrx_word' id='word_1_229' title='bbox 763 3116 966 3183; x_wconf 89' lang='lat' dir='ltr'><strong>scribendum</strong></span> <span class='ocrx_word' id='word_1_230' title='bbox 993 3137 1065 3184; x_wconf 89' lang='lat' dir='ltr'><strong>esse</strong></span> <span class='ocrx_word' id='word_1_231' title='bbox 1088 3139 1130 3180; x_wconf 83' lang='grc' dir='ltr'><strong>ιι</strong></span> <span class='ocrx_word' id='word_1_232' title='bbox 1153 3119 1229 3183; x_wconf 77' lang='lat' dir='ltr'><strong>inri-</strong></span> 
     </span>
     <span class='ocr_line' id='line_1_28' title="bbox 124 3219 1231 3288; baseline 0.001 -5"><span class='ocrx_word' id='word_1_233' title='bbox 124 3236 237 3288; x_wconf 79' lang='lat' dir='ltr'><strong>rruatue</strong></span> <span class='ocrx_word' id='word_1_234' title='bbox 252 3270 259 3285; x_wconf 93' lang='lat'><strong>.</strong></span> <span class='ocrx_word' id='word_1_235' title='bbox 276 3219 436 3286; x_wconf 86' lang='lat' dir='ltr'><strong>Antonius</strong></span> <span class='ocrx_word' id='word_1_236' title='bbox 458 3219 551 3284; x_wconf 87' lang='lat' dir='ltr'><strong>Marii</strong></span> <span class='ocrx_word' id='word_1_237' title='bbox 578 3233 613 3285; x_wconf 85' lang='lat' dir='ltr'><strong>ut</strong></span> <span class='ocrx_word' id='word_1_238' title='bbox 642 3221 840 3285; x_wconf 63' lang='lat' dir='ltr'><strong>auram.</strong></span> <span class='ocrx_word' id='word_1_239' title='bbox 856 3220 1023 3286; x_wconf 85' lang='lat' dir='ltr'><strong>Marullum</strong></span> <span class='ocrx_word' id='word_1_240' title='bbox 1050 3226 1082 3286; x_wconf 90' lang='lat' dir='ltr'><strong>et</strong></span> <span class='ocrx_word' id='word_1_241' title='bbox 1104 3219 1231 3286; x_wconf 86' lang='lat' dir='ltr'><strong>Lambi-</strong></span> 
     </span>
     <span class='ocr_line' id='line_1_29' title="bbox 124 3309 1229 3407; baseline 0.001 -20"><span class='ocrx_word' id='word_1_242' title='bbox 124 3341 196 3388; x_wconf 90' lang='lat' dir='ltr'><strong>num</strong></span> <span class='ocrx_word' id='word_1_243' title='bbox 211 3309 330 3390; x_wconf 83' lang='lat' dir='ltr'><strong>fefellit</strong></span> <span class='ocrx_word' id='word_1_244' title='bbox 343 3323 570 3407; x_wconf 87' lang='lat' dir='ltr'><strong>impressorum</strong></span> <span class='ocrx_word' id='word_1_245' title='bbox 583 3321 815 3407; x_wconf 81' lang='lat' dir='ltr'><strong>exemplarium</strong></span> <span class='ocrx_word' id='word_1_246' title='bbox 831 3323 961 3405; x_wconf 86' lang='lat' dir='ltr'><strong>vitium,</strong></span> <span class='ocrx_word' id='word_1_247' title='bbox 977 3323 1010 3388; x_wconf 92' lang='lat' dir='ltr'><strong>iu</strong></span> <span class='ocrx_word' id='word_1_248' title='bbox 1028 3321 1144 3406; x_wconf 90' lang='lat' dir='ltr'><strong>quibus</strong></span> <span class='ocrx_word' id='word_1_249' title='bbox 1160 3328 1229 3388; x_wconf 86' lang='lat' dir='ltr'><strong>arat</strong></span> 
     </span>
     <span class='ocr_line' id='line_1_30' title="bbox 122 3423 1230 3510; baseline 0.001 -21"><span class='ocrx_word' id='word_1_250' title='bbox 122 3439 154 3489; x_wconf 86' lang='lat' dir='ltr'><strong>ut</strong></span> <span class='ocrx_word' id='word_1_251' title='bbox 164 3427 370 3492; x_wconf 51' lang='lat' dir='ltr'><strong>rirafnuatur.</strong></span> <span class='ocrx_word' id='word_1_252' title='bbox 385 3425 580 3490; x_wconf 79' lang='lat' dir='ltr'><strong>recentiores</strong></span> <span class='ocrx_word' id='word_1_253' title='bbox 597 3423 758 3490; x_wconf 84' lang='lat' dir='ltr'><strong>debebant</strong></span> <span class='ocrx_word' id='word_1_254' title='bbox 773 3423 855 3491; x_wconf 90' lang='lat' dir='ltr'><strong>scire</strong></span> <span class='ocrx_word' id='word_1_255' title='bbox 870 3438 904 3490; x_wconf 88' lang='lat' dir='ltr'><strong>ut</strong></span> <span class='ocrx_word' id='word_1_256' title='bbox 918 3445 976 3510; x_wconf 89' lang='lat' dir='ltr'><strong>pro</strong></span> <span class='ocrx_word' id='word_1_257' title='bbox 992 3426 1050 3490; x_wconf 83' lang='lat' dir='ltr'><strong>udi</strong></span> <span class='ocrx_word' id='word_1_258' title='bbox 1061 3425 1093 3490; x_wconf 92' lang='lat' dir='ltr'><strong>in</strong></span> <span class='ocrx_word' id='word_1_259' title='bbox 1110 3431 1230 3510; x_wconf 88' lang='lat' dir='ltr'><strong>tempe·</strong></span> 
     </span>
     <span class='ocr_line' id='line_1_31' title="bbox 123 3525 932 3611; baseline 0.005 -21"><span class='ocrx_word' id='word_1_260' title='bbox 123 3527 166 3594; x_wconf 91' lang='lat' dir='ltr'><strong>ris</strong></span> <span class='ocrx_word' id='word_1_261' title='bbox 187 3525 422 3611; x_wconf 83' lang='lat' dir='ltr'><strong>significatione</strong></span> <span class='ocrx_word' id='word_1_262' title='bbox 444 3547 508 3593; x_wconf 87' lang='lat' dir='ltr'><strong>neu</strong></span> <span class='ocrx_word' id='word_1_263' title='bbox 532 3545 605 3594; x_wconf 90' lang='lat' dir='ltr'><strong>esse</strong></span> <span class='ocrx_word' id='word_1_264' title='bbox 626 3527 810 3594; x_wconf 87' lang='lat' dir='ltr'><strong>Lucretiani</strong></span> <span class='ocrx_word' id='word_1_265' title='bbox 833 3547 932 3594; x_wconf 83' lang='lat' dir='ltr'><strong>mus.</strong></span> 
     </span>
    </p>

    <p class='ocr_par' dir='ltr' id='par_1_5' title="bbox 122 3630 1267 4226">
     <span class='ocr_line' id='line_1_32' title="bbox 206 3630 1230 3700; baseline 0 -4"><span class='ocrx_word' id='word_1_266' title='bbox 206 3630 281 3696; x_wconf 87' lang='grc'><strong>231.</strong></span> <span class='ocrx_word' id='word_1_267' title='bbox 303 3650 424 3700; x_wconf 78' lang='lat' dir='ltr'><strong>asena</strong></span> <span class='ocrx_word' id='word_1_268' title='bbox 451 3650 550 3694; x_wconf 78' lang='lat' dir='ltr'><strong>sono</strong></span> <span class='ocrx_word' id='word_1_269' title='bbox 577 3651 738 3693; x_wconf 79' lang='lat' dir='ltr'><strong>sannaus</strong></span> <span class='ocrx_word' id='word_1_270' title='bbox 771 3651 940 3694; x_wconf 82' lang='lat' dir='ltr'><strong>ssnvnan</strong></span> <span class='ocrx_word' id='word_1_271' title='bbox 970 3630 1230 3696; x_wconf 83' lang='lat' dir='ltr'><strong>cennaco.Sic</strong></span> 
     </span>
     <span class='ocr_line' id='line_1_33' title="bbox 122 3731 1267 3820; baseline 0.001 -21"><span class='ocrx_word' id='word_1_272' title='bbox 122 3739 247 3800; x_wconf 85' lang='lat' dir='ltr'><strong>veteres</strong></span> <span class='ocrx_word' id='word_1_273' title='bbox 260 3781 268 3817; x_wconf 87' lang='lat'>,</span> <span class='ocrx_word' id='word_1_274' title='bbox 283 3733 345 3796; x_wconf 87' lang='lat' dir='ltr'><strong>nisi</strong></span> <span class='ocrx_word' id='word_1_275' title='bbox 369 3731 456 3816; x_wconf 90' lang='lat' dir='ltr'><strong>quod</strong></span> <span class='ocrx_word' id='word_1_276' title='bbox 477 3733 512 3798; x_wconf 90' lang='lat' dir='ltr'><strong>in</strong></span> <span class='ocrx_word' id='word_1_277' title='bbox 534 3731 675 3815; x_wconf 84' lang='lat' dir='ltr'><strong>oblongo</strong></span> <span class='ocrx_word' id='word_1_278' title='bbox 698 3740 747 3798; x_wconf 90' lang='lat' dir='ltr'><strong>est</strong></span> <span class='ocrx_word' id='word_1_279' title='bbox 769 3759 889 3820; x_wconf 78' lang='lat' dir='ltr'><strong>nequae</strong></span> <span class='ocrx_word' id='word_1_280' title='bbox 904 3735 1011 3819; x_wconf 90' lang='lat' dir='ltr'><strong>priore</strong></span> <span class='ocrx_word' id='word_1_281' title='bbox 1034 3759 1055 3798; x_wconf 86' lang='lat' dir='ltr'><strong>u</strong></span> <span class='ocrx_word' id='word_1_282' title='bbox 1078 3734 1111 3800; x_wconf 90' lang='lat' dir='ltr'><strong>in</strong></span> <span class='ocrx_word' id='word_1_283' title='bbox 1133 3734 1232 3799; x_wconf 88' lang='lat' dir='ltr'><strong>litura</strong></span> <span class='ocrx_word' id='word_1_284' title='bbox 1261 3787 1267 3800; x_wconf 92' lang='lat'><strong>.</strong></span> 
     </span>
     <span class='ocr_line' id='line_1_34' title="bbox 122 3837 1227 3922; baseline 0.002 -22"><span class='ocrx_word' id='word_1_285' title='bbox 122 3837 246 3919; x_wconf 90' lang='lat' dir='ltr'><strong>posito.</strong></span> <span class='ocrx_word' id='word_1_286' title='bbox 262 3854 433 3898; x_wconf 80' lang='lat' dir='ltr'><strong>rauvous</strong></span> <span class='ocrx_word' id='word_1_287' title='bbox 457 3841 652 3902; x_wconf 89' lang='lat' dir='ltr'><strong>correctores</strong></span> <span class='ocrx_word' id='word_1_288' title='bbox 675 3837 842 3922; x_wconf 88' lang='lat' dir='ltr'><strong>utriusque</strong></span> <span class='ocrx_word' id='word_1_289' title='bbox 862 3837 1160 3903; x_wconf 59' lang='lat' dir='ltr'><strong>versicoloribus</strong></span> <span class='ocrx_word' id='word_1_290' title='bbox 1182 3838 1227 3902; x_wconf 89' lang='lat' dir='ltr'><strong>in-</strong></span> 
     </span>
     <span class='ocr_line' id='line_1_35' title="bbox 122 3937 1230 4022; baseline 0.003 -20"><span class='ocrx_word' id='word_1_291' title='bbox 122 3943 193 4021; x_wconf 87' lang='lat' dir='ltr'><strong>epte</strong></span> <span class='ocrx_word' id='word_1_292' title='bbox 220 3943 380 4003; x_wconf 78' lang='lat' dir='ltr'><strong>correctos</strong></span> <span class='ocrx_word' id='word_1_293' title='bbox 407 3937 561 4022; x_wconf 78' lang='lat' dir='ltr'><strong>oblongi,</strong></span> <span class='ocrx_word' id='word_1_294' title='bbox 577 3956 681 4020; x_wconf 91' lang='lat' dir='ltr'><strong>neque</strong></span> <span class='ocrx_word' id='word_1_295' title='bbox 710 3938 896 4022; x_wconf 88' lang='lat' dir='ltr'><strong>prudentius</strong></span> <span class='ocrx_word' id='word_1_296' title='bbox 923 3939 1036 4004; x_wconf 82' lang='lat' dir='ltr'><strong>cellam</strong></span> <span class='ocrx_word' id='word_1_297' title='bbox 1058 3938 1230 4005; x_wconf 86' lang='lat' dir='ltr'><strong>Wakefiel-</strong></span> 
     </span>
     <span class='ocr_line' id='line_1_36' title="bbox 123 4037 1230 4127; baseline 0.003 -24"><span class='ocrx_word' id='word_1_298' title='bbox 123 4038 181 4104; x_wconf 90' lang='lat' dir='ltr'><strong>dns</strong></span> <span class='ocrx_word' id='word_1_299' title='bbox 197 4037 368 4124; x_wconf 84' lang='lat' dir='ltr'><strong>probavit,</strong></span> <span class='ocrx_word' id='word_1_300' title='bbox 385 4040 471 4123; x_wconf 88' lang='lat' dir='ltr'><strong>quod</strong></span> <span class='ocrx_word' id='word_1_301' title='bbox 487 4041 521 4106; x_wconf 92' lang='lat' dir='ltr'><strong>in</strong></span> <span class='ocrx_word' id='word_1_302' title='bbox 536 4040 694 4124; x_wconf 85' lang='lat' dir='ltr'><strong>quadrato</strong></span> <span class='ocrx_word' id='word_1_303' title='bbox 717 4059 789 4106; x_wconf 92' lang='lat' dir='ltr'><strong>esse</strong></span> <span class='ocrx_word' id='word_1_304' title='bbox 804 4041 887 4107; x_wconf 85' lang='lat' dir='ltr'><strong>falso</strong></span> <span class='ocrx_word' id='word_1_305' title='bbox 902 4091 910 4125; x_wconf 88' lang='lat'>‚</span> <span class='ocrx_word' id='word_1_306' title='bbox 926 4049 961 4106; x_wconf 93' lang='lat' dir='ltr'><strong>ut</strong></span> <span class='ocrx_word' id='word_1_307' title='bbox 975 4042 1151 4127; x_wconf 85' lang='lat' dir='ltr'><strong>pleraque,</strong></span> <span class='ocrx_word' id='word_1_308' title='bbox 1169 4041 1230 4106; x_wconf 86' lang='lat' dir='ltr'><strong>Ha·</strong></span> 
     </span>
     <span class='ocr_line' id='line_1_37' title="bbox 122 4142 1114 4226; baseline 0.002 -20"><span class='ocrx_word' id='word_1_309' title='bbox 122 4159 311 4226; x_wconf 84' lang='lat' dir='ltr'><strong>vercampus</strong></span> <span class='ocrx_word' id='word_1_310' title='bbox 334 4142 521 4209; x_wconf 86' lang='lat' dir='ltr'><strong>rettulerat.</strong></span> <span class='ocrx_word' id='word_1_311' title='bbox 537 4143 713 4208; x_wconf 86' lang='lat' dir='ltr'><strong>Lambinus</strong></span> <span class='ocrx_word' id='word_1_312' title='bbox 736 4144 905 4210; x_wconf 81' lang='lat' dir='ltr'><strong>verissime</strong></span> <span class='ocrx_word' id='word_1_313' title='bbox 927 4164 1114 4208; x_wconf 73' lang='lat' dir='ltr'><strong>rosanus.</strong></span> 
     </span>
    </p>

    <p class='ocr_par' dir='ltr' id='par_1_6' title="bbox 122 4243 1231 4534">
     <span class='ocr_line' id='line_1_38' title="bbox 205 4243 1231 4330; baseline 0.004 -22"><span class='ocrx_word' id='word_1_314' title='bbox 205 4243 278 4310; x_wconf 87' lang='grc'><strong>239.</strong></span> <span class='ocrx_word' id='word_1_315' title='bbox 303 4245 410 4310; x_wconf 84' lang='lat' dir='ltr'><strong>Nuuc</strong></span> <span class='ocrx_word' id='word_1_316' title='bbox 433 4267 477 4310; x_wconf 77' lang='lat' dir='ltr'><strong>aa</strong></span> <span class='ocrx_word' id='word_1_317' title='bbox 493 4296 499 4310; x_wconf 93' lang='lat'><strong>.</strong></span> <span class='ocrx_word' id='word_1_318' title='bbox 516 4247 568 4313; x_wconf 85' lang='lat' dir='ltr'><strong>Sic</strong></span> <span class='ocrx_word' id='word_1_319' title='bbox 584 4246 764 4330; x_wconf 81' lang='lat' dir='ltr'><strong>oblongus,</strong></span> <span class='ocrx_word' id='word_1_320' title='bbox 780 4244 839 4311; x_wconf 90' lang='lat' dir='ltr'><strong>sed</strong></span> <span class='ocrx_word' id='word_1_321' title='bbox 854 4269 910 4310; x_wconf 83' lang='lat' dir='ltr'><strong>ceu</strong></span> <span class='ocrx_word' id='word_1_322' title='bbox 925 4246 956 4310; x_wconf 92' lang='lat' dir='ltr'><strong>in</strong></span> <span class='ocrx_word' id='word_1_323' title='bbox 972 4247 1089 4312; x_wconf 84' lang='lat' dir='ltr'><strong>litura:</strong></span> <span class='ocrx_word' id='word_1_324' title='bbox 1105 4247 1178 4312; x_wconf 83' lang='lat' dir='ltr'><strong>Noa</strong></span> <span class='ocrx_word' id='word_1_325' title='bbox 1194 4271 1231 4311; x_wconf 85' lang='lat' dir='ltr'><strong>ea</strong></span> 
     </span>
     <span class='ocr_line' id='line_1_39' title="bbox 122 4345 1230 4434; baseline 0.004 -24"><span class='ocrx_word' id='word_1_326' title='bbox 122 4345 321 4429; x_wconf 87' lang='lat' dir='ltr'><strong>quadratus.</strong></span> <span class='ocrx_word' id='word_1_327' title='bbox 338 4348 446 4432; x_wconf 83' lang='lat' dir='ltr'><strong>itaque</strong></span> <span class='ocrx_word' id='word_1_328' title='bbox 469 4349 503 4414; x_wconf 90' lang='lat' dir='ltr'><strong>in</strong></span> <span class='ocrx_word' id='word_1_329' title='bbox 518 4349 629 4416; x_wconf 90' lang='lat' dir='ltr'><strong>codice</strong></span> <span class='ocrx_word' id='word_1_330' title='bbox 651 4348 825 4434; x_wconf 87' lang='lat' dir='ltr'><strong>archetypo</strong></span> <span class='ocrx_word' id='word_1_331' title='bbox 849 4347 926 4431; x_wconf 92' lang='lat' dir='ltr'><strong>quid</strong></span> <span class='ocrx_word' id='word_1_332' title='bbox 942 4347 1039 4414; x_wconf 86' lang='lat' dir='ltr'><strong>luerit</strong></span> <span class='ocrx_word' id='word_1_333' title='bbox 1060 4369 1124 4415; x_wconf 90' lang='lat' dir='ltr'><strong>non</strong></span> <span class='ocrx_word' id='word_1_334' title='bbox 1140 4367 1230 4414; x_wconf 91' lang='lat' dir='ltr'><strong>cons·</strong></span> 
     </span>
     <span class='ocr_line' id='line_1_40' title="bbox 123 4449 670 4534; baseline 0.013 -22"><span class='ocrx_word' id='word_1_335' title='bbox 123 4453 188 4514; x_wconf 87' lang='lat' dir='ltr'><strong>tat:</strong></span> <span class='ocrx_word' id='word_1_336' title='bbox 206 4467 310 4534; x_wconf 87' lang='lat' dir='ltr'><strong>neque</strong></span> <span class='ocrx_word' id='word_1_337' title='bbox 333 4449 431 4517; x_wconf 77' lang='lat' dir='ltr'><strong>refert</strong></span> <span class='ocrx_word' id='word_1_338' title='bbox 452 4451 553 4517; x_wconf 90' lang='lat' dir='ltr'><strong>scire.</strong></span> <span class='ocrx_word' id='word_1_339' title='bbox 668 4503 670 4510; x_wconf 83' lang='grc'>.</span> 
     </span>
    </p>

    <p class='ocr_par' dir='ltr' id='par_1_7' title="bbox 205 4549 1230 4640">
     <span class='ocr_line' id='line_1_41' title="bbox 205 4549 1230 4640; baseline 0.004 -24"><span class='ocrx_word' id='word_1_340' title='bbox 205 4549 281 4626; x_wconf 84' lang='grc'><strong>241.</strong></span> <span class='ocrx_word' id='word_1_341' title='bbox 304 4573 500 4618; x_wconf 73' lang='lat' dir='ltr'><strong>evacuans</strong></span> <span class='ocrx_word' id='word_1_342' title='bbox 533 4575 619 4618; x_wconf 82' lang='lat' dir='ltr'><strong>reus</strong></span> <span class='ocrx_word' id='word_1_343' title='bbox 654 4572 898 4628; x_wconf 66' lang='lat' dir='ltr'><strong>cassasque.</strong></span> <span class='ocrx_word' id='word_1_344' title='bbox 925 4553 1054 4620; x_wconf 80' lang='lat' dir='ltr'><strong>Factum</strong></span> <span class='ocrx_word' id='word_1_345' title='bbox 1090 4549 1122 4620; x_wconf 89' lang='lat' dir='ltr'><strong>in</strong></span> <span class='ocrx_word' id='word_1_346' title='bbox 1153 4573 1230 4640; x_wconf 92' lang='lat' dir='ltr'><strong>qua-</strong></span> 
     </span>
    </p>
   </div>
   <div class='ocr_carea' id='block_1_3' title="bbox 0 0 1560 5146">
    <p class='ocr_par' dir='ltr' id='par_1_8' title="bbox 0 0 1560 5146">
     <span class='ocr_line' id='line_1_42' title="bbox 0 0 1560 5146; baseline 0 2"><span class='ocrx_word' id='word_1_347' title='bbox 0 0 1560 5146; x_wconf 95' lang='lat' dir='ltr'><strong> </strong></span> 
     </span>
    </p>
   </div>
  </div>
 </body>
</html>
