3020 5146
488 410 493 421 ¹
561 463 619 527 1111

89 638 145 699 Nec
165 635 263 700 divina
286 641 387 700 satum
409 635 584 718 genitalem
607 633 737 698 numina
760 632 909 714 cuiquam

59 751 228 828 absterrent,
242 755 332 835 pater
356 749 567 830 agnatione
591 747 735 812 dulcibus
758 767 909 828 umquam

61 865 212 948 appelletur
233 871 262 930 et
283 871 318 928 nt
339 861 437 928 sterili
461 860 586 928 Venere
608 861 715 943 exigat
737 881 870 939 aevom;

60 979 126 1058 qued
145 979 320 1062 plerumque
341 985 474 1062 putant,
491 984 522 1042 et
543 977 642 1040 multo
666 976 824 1057 sanguine
846 976 959 1041 maesti

61 1099 245 1175 conspergunt
265 1111 339 1155 aras
361 1091 554 1173 adolentque
577 1091 692 1155 altaria
714 1090 826 1174 donis,

62 1213 86 1267 ut
103 1207 238 1286 gravidas
260 1205 396 1270 reddant
418 1225 534 1270 uxores
556 1205 678 1270 semine
701 1205 811 1288 largo,

59 1337 88 1382 ue
106 1320 262 1400 quiquam,
278 1319 385 1384 divom
408 1339 523 1386 numen
548 1320 704 1401 sortisque
727 1317 886 1402 fatigant.

60 1451 115 1494 nam
135 1434 248 1498 steriles
270 1433 401 1497 nimium
425 1453 532 1498 crasso
556 1440 630 1498 sunt
652 1433 772 1498 semine
794 1433 928 1516 partim,

60 1553 82 1608 et
98 1546 203 1627 liquido
224 1555 352 1632 praeter
373 1549 489 1614 iustum
512 1547 662 1630 tenuique
684 1546 843 1612 vicissim.

60 1663 133 1724 tenve
153 1661 226 1727 loeis
248 1662 326 1744 quia
347 1681 412 1726 non
435 1661 517 1746 potis
540 1667 589 1724 est
611 1659 752 1740 adfigere
774 1659 969 1744 adhaesum,

58 1771 161 1854 liquitur
181 1774 340 1859 extemplo
364 1781 395 1839 et
416 1779 601 1840 revocatum
623 1773 708 1838 cedit
729 1775 862 1838 abortu.

57 1887 169 1953 crassius
190 1888 237 1954 his
259 1909 357 1974 porro
381 1888 532 1969 quoniam
555 1889 733 1952 concretius
755 1907 858 1969 aequo

47 2000 179 2078 mittitur,
194 2009 248 2067 aut
271 2023 336 2068 non
357 2010 421 2067 tam
444 2003 569 2087 prolixo
592 2001 738 2092 provolat
759 1999 823 2065 ictu

60 2123 97 2176 aut
115 2099 270 2200 penetrare
294 2119 384 2182 locos
407 2137 510 2200 aeque
534 2115 643 2198 nequit
665 2123 720 2179 aut
741 2122 939 2199 penetratum

63 2247 129 2312 aegre
148 2231 341 2297 admiscetur
363 2230 508 2296 muliebri
532 2230 651 2295 semine
674 2249 802 2294 semen.

64 2359 112 2406 nan
128 2345 252 2409 multum
276 2345 464 2410 harmoniae
488 2344 622 2409 Veneris
642 2342 768 2410 differre
790 2343 954 2408 ridentia.
1051 2369 1056 2376 ·

64 2461 128 2538 alque
148 2460 227 2526 alias
250 2460 310 2525 alii
334 2459 495 2544 complent
516 2457 639 2542 magis,
657 2477 697 2522 ex
719 2457 855 2540 aliisque

46 2573 204 2658 reaccipiunt
225 2575 314 2640 aliae
337 2574 463 2660 pondus
484 2572 706 2656 magicisque
728 2579 939 2656 gravescunt.

58 2694 80 2746 et
96 2689 198 2754 multae
219 2689 349 2756 steriles
371 2688 566 2774 Hymenaeis
588 2693 661 2752 ante
682 2687 810 2752 fuerunt

56 2799 191 2890 pluribus,
207 2813 240 2870 et
262 2809 379 2868 nactae
401 2809 474 2886 post
495 2809 570 2868 sunt
590 2809 698 2869 tamen
721 2802 805 2868 unde
828 2802 953 2886 puellos

55 2917 188 3000 suscipere
210 2927 242 2984 et
263 2925 358 3004 partu
380 2924 514 3002 possent
536 2917 690 2984 ditescere
713 2917 819 2982 dulci.

54 3032 200 3112 atquibus
222 3041 300 3099 ante
323 3033 408 3099 demi
432 3031 592 3098 fecundae
615 3051 713 3116 saepe
736 3031 922 3113 nequissent

54 3161 148 3212 uxores
168 3169 303 3232 parere,
320 3149 481 3214 inventast
502 3147 567 3212 illis
590 3165 717 3231 quoque
740 3166 870 3232 compar

52 3265 165 3338 natura,
181 3271 214 3328 ut
228 3270 370 3349 possent
391 3261 499 3346 gnatis
520 3262 645 3328 munire
668 3269 850 3327 senectam.

54 3377 236 3454 usqueadeo
260 3377 369 3462 magni
393 3377 507 3462 resert,
524 3383 559 3442 ut
581 3376 704 3441 semina
725 3375 849 3460 possint

52 3489 203 3558 seminibus
226 3491 426 3558 commisceri
447 3491 630 3574 genitaliter
652 3497 747 3573 apta,

54 3617 205 3688 crassaque
229 3606 420 3671 conveniant
441 3605 573 3689 liquidis
594 3612 625 3670 et
646 3605 770 3688 liquida
793 3606 930 3672 crassis.

55 3722 133 3797 atque
153 3721 184 3784 in
207 3741 246 3787 eo
271 3721 368 3785 refert
390 3739 453 3801 quo
475 3721 560 3784 victu
582 3720 648 3783 rita
670 3720 812 3784 colatur:

54 3847 171 3916 namque
192 3836 266 3901 aliis
287 3835 382 3901 rebus
405 3839 614 3900 concrescunt
635 3835 758 3899 semina
781 3834 950 3918 membris,

53 3953 129 4028 aque
150 3951 222 4016 aliis
244 3953 456 4016 extenvantur
478 3948 652 4034 tabentque
674 3949 836 4014 vicissim.

53 4068 74 4120 tt
93 4063 198 4144 quibus
220 4065 294 4149 ipsa
314 4063 419 4130 modis
441 4068 592 4129 tractetur
615 4063 732 4129 blanda
753 4064 924 4148 voluptas,

52 4229 231 4246 ¹⁸·--—..-..

57 4333 110 4382 1234
125 4347 220 4400 praeter
239 4337 253 4406 11
276 4341 342 4388 1248
357 4339 437 4390 credit
457 4337 470 4408 11
492 4343 558 4388 1244
572 4339 613 4389 hie
635 4337 647 4406 11
671 4341 735 4388 1247
751 4339 849 4387 mulieri
872 4335 884 4405 11
907 4331 1065 4402 1252110411
1088 4335 1153 4385 rtet

56 4415 133 4472 [acne
151 4425 164 4492 11
185 4429 252 4478 tana
271 4425 425 4478 conveniunt
445 4423 458 4494 11
481 4429 547 4476 1262
566 4427 610 4476 alii
633 4423 646 4494 11
667 4425 792 4491 rubeaque
