3020 5146
372 436 430 500 136
900 430 965 494 1111

369 606 418 666 est
441 599 569 682 aliquae
592 605 627 664 ut
648 617 803 684 serpens,
819 597 956 665 hominis
979 619 1063 682 quae
1084 605 1172 666 taeta
1193 600 1309 668 salivis

368 714 503 799 disperit
525 734 563 779 11
586 732 658 780 sese
681 713 867 780 mandendo
890 715 1017 780 conlinit
1038 715 1132 801 ipsa.

294 854 345 899 oso
370 835 537 916 praeterea
560 827 654 894 nobis
677 835 833 894 veratrum
858 835 906 896 est
928 849 1002 894 anre
1024 849 1202 909 venenum,

369 950 403 1008 at
425 943 530 1027 oapris
553 943 667 1028 adipes
690 949 721 1010 et
742 943 957 1010 uoluminibus
979 951 1096 1028 auget.

369 1065 403 1122 ut
426 1058 540 1140 quibua
562 1059 594 1122 id
617 1059 672 1124 liat
694 1059 790 1123 rebus
812 1077 1008 1140 ooguosnete
1031 1061 1156 1144 possis,

371 1173 528 1258 principio
552 1173 734 1239 meminisse
757 1172 849 1240 deuel
872 1193 955 1255 quae
978 1173 1118 1240 diximus
1139 1183 1234 1260 ante,

371 1289 493 1354 semina
514 1287 709 1354 multimodis
732 1288 765 1352 in
788 1289 884 1354 rebus
906 1289 1005 1354 mixta
1027 1290 1146 1356 teneri..

295 1425 345 1471 111
371 1423 466 1488 porro
489 1421 706 1486 omnesquae
729 1421 864 1484 eumque
887 1403 990 1468 eibum
1014 1405 1144 1488 eupiunt
1166 1405 1380 1486 animantes,

370 1525 404 1582 nt
425 1522 500 1583 sunt
522 1517 694 1582 dissimiles
718 1517 915 1584 extrinsecus
938 1523 969 1582 et
990 1518 1169 1602 generatim

372 1632 491 1698 extima
514 1631 726 1696 membrorum
751 1631 868 1696 nircum
891 1651 1026 1698 caesura
1046 1640 1189 1710 1111111,

372 1746 507 1834 proinde
531 1766 571 1810 ex
593 1747 769 1814 seminibus
792 1751 939 1814 onustant
961 1749 1106 1814 variante
1129 1747 1251 1830 figura.

371 1863 495 1928 semina
517 1882 589 1926 eum
612 1883 708 1946 porro
732 1861 869 1938 distent,
885 1861 1014 1928 differre
1035 1871 1200 1930 necessest

298 1999 349 2045 111
374 1977 545 2042 intervalla
567 1975 721 2058 viasque,
739 1976 895 2042 foramina
917 1995 1002 2060 quae
1025 1977 1251 2061 perhibemus,

372 2092 520 2158 omnibns
542 2091 574 2155 in
599 2091 749 2158 membris
772 2091 859 2156 etin
881 2111 937 2158 111
959 2091 1094 2176 ipsoque
1116 2093 1245 2178 palato:

373 2227 444 2272 esse
467 2205 593 2270 minora
615 2206 712 2290 igitur
735 2204 892 2288 quaedam
915 2206 1101 2289 maioraque
1123 2207 1262 2293 debent,

373 2339 444 2386 esse
467 2320 623 2402 triquetra
645 2320 739 2397 aliis,
756 2319 831 2386 aliis
853 2321 1011 2402 quadrata
1033 2327 1215 2405 necessest,

372 2435 472 2500 multa
495 2435 650 2518 rutunda,
668 2434 772 2500 modis
796 2435 900 2502 multis
924 2437 1124 2521 multangula
1146 2437 1332 2522 quaedam.

299 2573 349 2620 111
373 2571 511 2634 namque
535 2551 707 2632 figurarum
731 2550 812 2616 ratio
836 2558 870 2616 ut
892 2557 1061 2634 motusque
1082 2561 1272 2638 reposcunt,

371 2667 506 2752 proinde
528 2665 736 2732 foraminibus
759 2665 878 2732 debent
900 2665 1028 2732 diller're
1050 2665 1194 2752 figurae,

375 2789 407 2848 et
428 2782 553 2848 variare
575 2781 647 2845 viae
669 2779 803 2863 proinde
827 2801 866 2846 an
887 2787 1014 2846 textura
1035 2789 1180 2848 oudinet.

374 2897 436 2962 hou
458 2896 510 2962 ubi
536 2896 620 2978 quod
645 2915 743 2962 suave
766 2903 815 2962 est
836 2895 907 2962 aliis
929 2895 1002 2961 aliis
1025 2897 1243 2982 stauarum,

373 3011 438 3088 illi,
455 3013 504 3077 nui
527 3031 628 3078 suave
650 3015 717 3094 est,
734 3010 897 3076 levissima
920 3031 1056 3095 corpora
1079 3011 1198 3078 debent

302 3148 352 3194 111
378 3126 647 3192 nontlantabiliter
669 3126 778 3190 onulas
800 3125 919 3192 intrare
942 3125 1061 3210 palati,

375 3247 408 3304 at
430 3247 540 3305 eontra
563 3240 679 3321 quibus
702 3247 752 3304 est
773 3241 887 3306 eadem
912 3259 965 3306 res
986 3241 1071 3306 intus
1093 3241 1230 3318 anerba,

376 3373 514 3438 aspera,
530 3355 563 3418 ni
585 3355 719 3438 mirum,
736 3359 907 3438 penetrant
928 3352 1123 3438 hamataque
1146 3355 1282 3423 faudes.

300 3491 348 3537 sm
377 3475 510 3550 utraque
533 3469 617 3533 enim
640 3469 767 3533 suntin
790 3467 894 3536 mellis
916 3468 1089 3534 commixta
1111 3489 1248 3554 sapore,

374 3583 407 3648 id
431 3581 600 3666 quodiam
623 3603 742 3668 supera
763 3583 819 3648 tibi
844 3603 941 3667 saepe
963 3583 1162 3650 ostendimus
1185 3591 1281 3652 ante.

301 3718 351 3765 111
375 3717 460 3762 nuno
483 3695 576 3762 fenile
600 3703 648 3763 est
670 3717 709 3764 ex
732 3698 782 3764 his
804 3698 901 3766 rebus
923 3717 1120 3780 eognoseere
1142 3719 1312 3783 quaeque:

379 3811 518 3896 quippe,
535 3811 591 3876 ubi
613 3811 663 3877 oui
685 3810 784 3878 febris
807 3812 862 3878 bili
885 3818 1057 3896 superante
1080 3820 1191 3880 eoorta
1213 3822 1262 3879 est

304 3949 354 3996 111
380 3931 436 3990 aut
459 3925 522 3990 alia
547 3927 671 3992 ratione
694 3927 835 4010 aliquast
856 3926 907 3992 vis
930 3928 1035 3992 exeita
1057 3927 1180 4006 morbi,

379 4041 584 4124 perturbatur
607 4040 650 4105 ibi
673 4041 737 4106 iam
760 4047 859 4108 totum
883 4061 1018 4125 eorpus,
1035 4048 1067 4106 et
1090 4061 1202 4107 omnes

289 4357 291 4364 ,
383 4309 433 4358 638
452 4309 537 4371 itaque
562 4305 575 4375 Η
600 4311 648 4357 641
669 4308 857 4358 cocturnicibus
883 4305 896 4376 ΙΙ
922 4307 1021 4358 642111
1042 4304 1055 4376 ΙΙ
1076 4317 1103 4358 ut
1128 4305 1142 4376 ΙΙ
1169 4312 1265 4360 64811
1285 4305 1461 4376 {leniuntque

383 4397 432 4444 659
453 4411 558 4459 corpore
579 4392 592 4462 ll
614 4397 663 4444 160
683 4396 776 4444 caudas
796 4393 809 4462 ΙΙ
831 4399 880 4444 612
900 4395 1028 4445 nimorum
