3020 5146
547 421 604 484 1111

41 613 158 674 corpora
179 611 231 656 res
253 591 388 665 multae,
404 591 520 675 partini
545 590 664 656 diffusa
686 591 808 674 solute,

40 707 140 771 robora
161 725 218 770 eeu
241 707 358 770 sumum
381 705 507 769 mittunt
528 705 681 787 ignesque
703 725 875 788 raptorem,

41 827 66 885 ct
84 821 189 906 partim
214 826 362 884 contenta
385 819 490 900 magis
512 819 757 900 condensaque,
773 827 806 884 ut
828 821 903 885 olinr

42 935 221 1000 conteretis
245 943 366 1018 ponunt
387 933 511 998 tunicas
534 939 657 1000 aestate
680 934 830 1020 cicadae,

43 1057 66 1114 et
84 1049 160 1114 rituli
184 1069 254 1112 curn
279 1049 482 1114 membranas
504 1050 544 1114 de
568 1069 701 1131 corpore
723 1069 846 1114 sunnnro

44 1171 188 1230 nocentes
210 1163 357 1238 mittunt,
374 1169 405 1226 et
425 1163 501 1228 item
524 1183 593 1228 curn
618 1163 740 1229 lubrica
763 1185 896 1250 serpens
936 1165 942 1174 '

43 1279 112 1342 eruit
131 1279 159 1342 in
181 1277 284 1362 spinis
307 1283 448 1342 vestem:
465 1297 540 1342 narn
563 1297 659 1362 saepe
681 1279 826 1344 uidemus

43 1392 146 1456 illorum
167 1393 279 1476 spoliis
302 1411 417 1476 vepres
439 1391 644 1456 volitantibus
666 1399 779 1490 auctas
790 1418 797 1456 :

44 1526 110 1586 quae
131 1508 277 1588 quoniam
302 1506 398 1582 fiunt,
415 1507 519 1570 tenuis
543 1525 668 1588 quoque
691 1505 785 1572 dehet
808 1507 912 1592 iruago

43 1619 75 1684 ah
95 1621 180 1686 rebus
201 1621 448 1704 uritti,su1nn1a
469 1621 508 1686 de
532 1641 664 1706 corpore
687 1641 811 1685 rerum.

44 1755 102 1798 usur
123 1735 251 1800 curilis
275 1734 394 1800 cadant
415 1737 518 1820 inagis
541 1737 582 1801 ah
606 1736 765 1817 rebusque
787 1737 936 1802 recedant

44 1871 119 1930 quani
141 1871 217 1932 quac
241 1851 352 1915 tenvia
374 1858 468 1928 sunt,
486 1851 661 1916 hiscendist
683 1851 772 1916 nulia
795 1858 958 1935 potestas3

45 1967 205 2048 praesertim
228 1987 305 2064 curn
326 1965 442 2030 sintin
465 1967 595 2030 suurruis
618 1985 752 2048 corpora
775 1967 869 2030 rebus

46 2081 122 2144 uiuite
141 2082 278 2164 minuta,
296 2080 356 2146 iaci
381 2101 463 2162 quae
485 2082 609 2164 possint
631 2080 743 2146 ordine
768 2079 880 2146 eedem

51 2213 93 2272 quo
111 2195 238 2276 tuerint,
256 2201 290 2260 et
313 2195 427 2260 formai
451 2215 578 2260 serrare
602 2195 756 2277 figuram,

31 2313 74 2366 ¹ct
89 2309 168 2374 unite
190 2310 308 2392 citius,
325 2315 443 2390 quanto
467 2309 571 2374 minus
594 2310 771 2395 indupediri
828 2383 830 2388 .

50 2439 126 2500 pauc
146 2434 266 2506 queunt
292 2431 325 2490 et
347 2443 431 2506 quae
454 2431 527 2490 suunt
549 2425 654 2509 prinre
676 2423 780 2491 fronte
802 2425 928 2492 locata.

48 2555 102 2598 nan
121 2545 199 2603 certe
224 2539 333 2604 iacere
356 2559 394 2604 ac
415 2540 523 2622 largiri
547 2540 647 2604 inuita
670 2539 832 2622 videmus,

47 2670 94 2715 non
113 2657 208 2722 saturn
233 2679 275 2723 ex
299 2658 363 2721 aito
386 2653 597 2738 penitusque,
614 2661 648 2718 ut
670 2653 807 2718 dininrus
830 2661 926 2738 ante,

45 2784 130 2832 vernn
152 2773 190 2838 de
212 2772 347 2838 summis
370 2771 473 2854 ipsum
497 2788 624 2852 quoque
647 2787 745 2852 saepe
768 2770 928 2834 colorem.

46 2889 68 2941 d
86 2885 169 2968 volgo
191 2887 317 2952 iaciunt
339 2885 372 2950 id
394 2885 480 2949 lutea
504 2901 659 2964 russaque
682 2883 754 2949 vela

45 3004 66 3056 et
84 2997 253 3086 ferrugine,
272 3021 363 3082 cunr,
380 2999 504 3082 maguis
527 2999 647 3063 intenta
670 2997 822 3074 theatris,

45 3129 87 3190 per
106 3117 199 3181 malos
221 3117 356 3198 volgata
378 3115 548 3196 trabesque
570 3115 737 3178 trementia
759 3112 888 3176 fluunt:

45 3241 156 3309 nanque
177 3231 220 3308 ibi
245 3249 433 3297 consessum
456 3227 568 3293 caveai
592 3237 700 3311 supter
724 3235 755 3292 et
777 3247 904 3294 emnem

44 3343 147 3406 scaenai
170 3345 311 3428 speciem
338 3345 478 3430 pulcram
501 3343 687 3424 variumque
711 3342 858 3408 decorem

45 3451 164 3522 iniciunt
185 3465 368 3542 coguntque
390 3479 449 3524 suo
472 3458 595 3522 fluitare
618 3457 745 3523 colore:

46 3577 68 3626 d
86 3580 194 3650 quanto
216 3574 334 3638 circum
357 3593 451 3658 mage
474 3579 548 3638 sunt
570 3577 709 3654 angusta
730 3570 847 3636 theatri

46 3686 250 3764 noeniapam
275 3689 379 3770 inagis
402 3689 483 3754 haee
505 3687 589 3752 intus
611 3685 744 3772 pertusa
765 3685 874 3770 lepore

46 3799 129 3862 onnia
149 3803 315 3869 conrident
336 3809 483 3888 correpta
505 3802 577 3866 luce
599 3801 680 3868 diei.

46 3923 105 3990 ergo
125 3913 219 3982 lintea
242 3917 285 3981 de
308 3937 430 3982 summo
454 3937 524 3982 curn
548 3935 680 4000 corpore
703 3913 807 3980 hicum

48 4023 167 4106 nitunt,
183 4031 312 4114 effigias
335 4051 461 4114 quoque
483 4031 601 4096 debent
622 4031 745 4096 mittere
768 4029 872 4095 tenvis

55 4189 222 4208 “““““·----ι

50 4291 142 4344 stoebe
161 4297 174 4364 Η
194 4301 227 4348 68
247 4315 349 4350 eorum.
374 4298 387 4369 Η
413 4303 441 4350 tl
463 4315 528 4364 quae
547 4299 687 4352 omissum.
708 4295 721 4366 Η
748 4301 779 4347 72
799 4297 887 4362 tergiri
914 4295 927 4364 Η
953 4299 983 4345 it
1003 4296 1109 4346 flnctus.
1131 4293 1144 4366 Η

52 4377 75 4423 :a
92 4379 187 4436 Scaenal
208 4383 222 4454 Η
241 4395 341 4454 patrum
358 4397 518 4454 matrumque
537 4387 657 4438 deorum.
688 4385 690 4448 ζ
711 4386 742 4434 81
764 4385 901 4438 inclausus
