3096 5142
313 331 440 412 asu·
772 345 884 408 .v

263 577 275 594 ‚
401 519 471 585 133.
494 539 617 589 saeua
644 523 754 580 snvrs'
780 539 823 579 ar
851 513 1038 580 suasurus
1066 535 1223 580 sonorus
1246 537 1330 579 ussa
1348 567 1356 582 .
1376 517 1413 580 In

312 645 358 707 ιιι,
372 623 434 688 189
449 646 548 708 noque
563 647 585 686 a
599 641 755 684 anavus.
777 619 821 684 ibi
844 617 1033 686 adnotatum
1055 624 1105 685 ast
1125 617 1326 686 scribendum
1346 637 1414 686 esso

313 745 521 790 nouorunn.
766 787 767 790 ,
867 807 871 816 Ι

401 826 472 894 134.
500 826 608 906 Quen
636 847 669 889 ει
694 845 832 889 rossan
857 845 976 888 auru.
1003 825 1080 890 Dixi
1107 822 1228 891 ibidem
1255 825 1318 892 ‘190
1344 823 1415 890 mihi

312 929 516 996 seribendum
539 927 642 994 videri
666 929 764 1008 Qurn
785 931 834 994 ai.
1345 985 1347 988 .

402 1033 473 1100 142.
498 1031 691 1096 Pururaus
724 1053 759 1094 ru
793 1051 948 1095 onasars
981 1051 1183 1095 rannaaunr
1214 1051 1287 1094 sur
1319 1049 1417 1094 sonus

312 1159 416 1200 rursu,
439 1135 513 1201 Itali
535 1155 666 1198 canals
688 1133 788 1220 (quod
812 1135 979 1201 Lueretius
1000 1131 1130 1200 dioebal
1147 1133 1301 1221 ylaeber'a)
1323 1141 1355 1199 et
1373 1157 1417 1198 ao·

313 1240 354 1304 lin
376 1259 413 1301 rra
435 1239 526 1324 iqui.

400 1339 471 1406 152.
505 1359 605 1412 ouon
638 1361 670 1403 s1
700 1361 812 1405 aanor
843 1361 915 1405 uos
948 1359 1058 1404 urana
1094 1359 1236 1404 resurr.
1270 1337 1418 1404 Marullus
1440 1367 1467 1400 ,·

313 1465 413 1516 ouon
436 1444 549 1530 tangi.
572 1443 730 1510 Aventius
745 1449 777 1508 et
792 1440 1014 1510 Wakefieldus
1036 1443 1069 1508 ει·
1087 1444 1202 1529 tanyr',
1220 1441 1293 1508 sine
1307 1451 1417 1524 sensu,

312 1547 375 1612 nisi
397 1545 556 1613 scribatur
577 1547 701 1631 ohram.

401 1648 470 1716 154.
495 1669 638 1714 annuus
659 1669 706 1711 nn
721 1668 895 1712 consona
918 1669 1044 1712 aoauar
1060 1697 1069 1715 .
1088 1648 1177 1714 Haeo
1191 1667 1292 1714 sensu
1305 1653 1418 1714 eareat

255 1783 260 1790 ·
313 1751 489 1818 Lambinus
507 1774 569 1837 pro
591 1774 720 1837 wipere
742 1775 872 1820 eorum.
894 1750 954 1818 sed
968 1757 1070 1818 oratio
1093 1753 1140 1817 ita
1153 1771 1291 1836 ¹quoque
1311 1750 1419 1817 scabra

312 1865 385 1922 est:
408 1853 495 1952 ee‘rts
517 1853 650 1919 suavius
673 1853 758 1920 foret
779 1857 868 1920 anai
880 1877 944 1941 pro
967 1877 1119 1941 corporo.
1142 1855 1257 1937 itaqua
1279 1854 1419 1940 suspioor

312 1959 363 2024 hio
384 1955 516 2040 gravius
539 1955 652 2020 vitium
673 1955 807 2023 subesse
817 1979 831 2042 ·‚
854 1961 983 2042 poetam
1005 1961 1113 2022 autom
1134 1956 1306 2042 scripsisse
1321 1957 1419 2036 Quare

312 2063 405 2127 etlam
435 2057 525 2124 aeder
554 2081 676 2145 qaoque
704 2060 821 2124 nostris
846 2058 974 2125 sedebas
1000 2081 1066 2124 arae
1087 2058 1274 2126 Dboimr'lea
1296 2058 1418 2140 dedara,

312 2177 447 2230 bnassu
470 2181 503 2225 ar
526 2161 661 2224 conru'
684 2179 861 2228 ouoauar.

399 2263 469 2331 158.
493 2263 767 2328 Annaunsnrua
789 2285 882 2330 orus
909 2283 1030 2326 mrou
1053 2309 1062 2328 .
1083 2261 1157 2328 Huo
1182 2265 1333 2330 Donatus
1359 2281 1419 2328 res·

311 2370 409 2456 pioit,
426 2387 497 2432 oum
519 2365 599 2430 dioit
621 2365 664 2432 ad
687 2365 911 2432 Phormionem
927 2389 949 2449 1,
961 2367 992 2451 4,
1004 2366 1066 2449 26,
1086 2365 1143 2432 abi
1158 2370 1208 2432 est
1221 2367 1417 2454 adamam,
1530 2383 1531 2388 ’

313 2471 368 2537 Ad
377 2473 440 2537 vim
451 2472 608 2534 auctivam
618 2469 818 2551 hanelabat,
831 2482 866 2534 at
877 2467 1095 2552 adlaudabile,
1108 2468 1302 2536 admirabile
1313 2505 1328 2534 .·
1340 2487 1418 2554 quae

311 2579 386 2640 sunt
406 2579 482 2638 ante
504 2571 587 2636 haee
607 2569 728 2649 verba,
744 2589 786 2636 ea
807 2568 904 2636 habet
925 2571 1111 2636 Lactantius
1134 2571 1207 2636 inst
1222 2572 1323 2656 v11‚3,
1339 2571 1394 2636 13.

283 2721 287 2730 .
399 2675 470 2742 165.
494 2675 762 2739 Dnsrranusr.
784 2673 939 2759 Derrima
960 2687 1006 2738 est
1026 2672 1114 2759 apud
1140 2674 1346 2740 Laetautium
1367 2671 1418 2736 ihi·

312 2777 385 2844 dem
407 2777 481 2842 libri
505 2777 581 2842 olim
603 2775 772 2860 impressi,
788 2783 820 2840 et
841 2775 939 2860 paulo
962 2783 1037 2860 post
1059 2801 1154 2862 naara
1175 2797 1234 2861 pro
1255 2799 1365 2864 aaran
1385 2773 1417 2838 ii-

311 2881 384 2946 dem
399 2899 471 2947 aum
493 2899 590 2944 mauu
612 2878 740 2964 seriptis
762 2897 844 2961 quos
866 2877 957 2944 vidi.
979 2877 1071 2944 huius
1090 2879 1179 2945 modi
1194 2880 1298 2946 multa
1312 2883 1417 2943 notare

311 3002 462 3069 possem,
479 2983 507 3049 si
530 2982 630 3047 uliam
653 2981 821 3047 utilitatem
845 2979 1021 3047 haberant.

400 3086 470 3152 115.
504 3085 586 3168 Au,
614 3103 765 3166 anano,
792 3104 828 3146 ru
859 3103 1042 3148 nannenus
1074 3105 1162 3148 vura
1194 3105 1240 3148 so
1274 3103 1417 3149 annona

311 3189 504 3254 incussu?
527 3185 711 3266 Quadratus
739 3185 811 3250 Arre
837 3183 930 3251 eredo
952 3192 985 3253 et
1009 3187 1068 3252 loo
1092 3177 1236 3253 marorl.
1258 3187 1312 3253 hie
1332 3186 1418 3251 Lam-
1528 3201 1529 3208 ’

311 3292 443 3376 binum,
465 3289 628 3356 hominem
649 3287 782 3370 linguae
802 3286 941 3353 Latinae
962 3288 1213 3374 peritissimum,
1236 3309 1303 3356 non
1325 3287 1416 3354 offen·

311 3394 400 3460 disse
421 3393 520 3458 miror
536 3415 544 3458 z
559 3411 636 3458 nam
652 3394 706 3458 Aa
721 3389 813 3455 oredo
828 3387 891 3456 diei
907 3409 971 3457 uon
993 3397 1119 3476 potest,
1135 3391 1231 3458 debat
1253 3411 1326 3459 asso
1348 3391 1414 3468 Ar,

311 3495 405 3562 credo
421 3543 428 3558 .
451 3515 555 3579 neque
570 3494 655 3560 idem
670 3491 847 3558 Lambinus
863 3492 896 3557 iu
911 3491 1015 3560 Servii
1030 3493 1164 3578 Sulpieii
1180 3493 1223 3560 ad
1238 3495 1415 3562 Oioerouonr

311 3597 449 3683 epistula
472 3597 545 3664 libri
561 3619 604 3680 uv,
616 3595 647 3678 5,
660 3595 681 3660 3
702 3594 775 3659 tulit
796 3595 850 3659 Aa
865 3595 956 3660 illias
970 3598 1087 3680 maan,
1104 3597 1217 3680 wado,
1233 3597 1345 3664 dalea?
1362 3591 1414 3660 sed

312 3703 389 3768 feeit
410 3701 477 3767 Ar.
501 3700 562 3767 hoo
583 3700 689 3783 ipsum
713 3694 831 3762 Ouidio
854 3695 1054 3764 reddendum
1077 3705 1127 3765 ost
1152 3700 1187 3764 in
1212 3705 1282 3766 arte
1302 3699 1413 3776 libror,

310 3805 375 3871 310
394 3805 461 3894 ita,
478 3803 541 3886 At,
554 3815 651 3889 pato,
667 3823 730 3864 rroo
747 3811 876 3885 poteras
891 3800 965 3886 ἐμω
981 3803 1104 3888 referre
1118 3804 1215 3868 olom
1230 3798 1413 3885 (1150511111-

311 3911 361 3970 eet
383 3905 503 3970 aneilla
524 3903 610 3986 diest
633 3900 804 3984 dominas,
820 3903 1015 3987 compellas
1030 3903 1284 3987 tmanatala),
1300 3901 1354 3968 ubi
1374 3901 1412 3964 ie

311 4007 397 4090 gitur
418 4007 458 4072 Ut
474 4021 553 4094 poto
575 4013 608 4073 et
629 4008 728 4090 vulgo
744 4007 890 4094 potera.
913 4005 971 4072 sed
993 4003 1079 4072 idom
1094 4005 1268 4071 Lambinus
1284 4004 1361 4070 haee
1374 3997 1413 4066 ad

312 4109 458 4176 homiues
473 4109 615 4176 nondum
631 4115 725 4176 natos
740 4109 845 4174 minus
860 4115 946 4175 reate
958 4127 1055 4192 quam
1070 4105 1113 4173 ad
1129 4107 1208 4174 deos
1223 4107 1335 4174 reterri
1348 4121 1411 4170 sau·
1525 4175 1526 4180 ἵ

311 4212 377 4294 sit,
399 4231 477 4277 usus
505 4212 601 4277 etiam
624 4211 802 4278 Velloianis
827 4211 915 4296 apud
937 4210 1124 4277 Ciceronem
1146 4209 1187 4275 ds
1210 4215 1323 4276 natura
1343 4207 1410 4272 dao-
1525 4237 1526 4268 ι

311 4333 382 4379 rum
396 4335 418 4397 1,
430 4313 470 4379 21
489 4327 583 4379 antea
597 4313 741 4380 oidelr'oot
755 4326 891 4400 tempora
905 4313 1028 4399 infinito
1050 4313 1085 4378 r'n
1107 4313 1240 4378 maelmin
1261 4327 1410 4396 tumqrram

311 4419 345 4481 in
358 4417 525 4502 ‚quryusa‘o
541 4415 756 4498 latitaverat,
772 4414 909 4498 ideoque
920 4415 1012 4480 ¹huno
1031 4433 1159 4481 vorsum
1181 4433 1251 4481 oum
1272 4411 1409 4498 proximo

311 4525 386 4583 ante
401 4537 473 4584 eum
488 4515 545 4602 qui
567 4516 626 4582 hos
649 4516 845 4602 sequebatur
860 4515 1052 4602 oollooavit,
1067 4515 1128 4582 hoe
1143 4521 1192 4582 ost
1206 4522 1281 4583 anta
1297 4509 1408 4594 mida
