3020 5146
367 307 435 416 rsa
915 349 941 412 v

364 511 505 590 destitit,
522 523 555 580 ut
577 515 688 578 mulier
710 516 814 598 spatio
837 515 967 582 defessa
990 525 1135 584 vetusto.

365 635 466 693 mutat
489 629 573 693 euim
597 629 705 692 mundi
729 640 876 695 naturam
898 631 994 696 totius
1016 639 1129 714 aetas,

366 763 406 808 ex
429 743 557 824 alioque
579 742 663 807 alius
686 751 787 809 status
810 746 957 830 excipere
981 747 1089 810 omnia
1113 747 1229 824 debet,

291 878 341 925 sso
367 876 426 921 nec
447 862 556 920 manet
579 855 647 921 ulla
670 858 718 921 sui
742 857 855 924 similis
878 877 950 924 res:
967 859 1074 924 omnia
1097 860 1255 944 migrant,

367 971 474 1035 omnia
496 977 667 1034 commutat
695 981 809 1040 natura
832 982 862 1040 et
884 978 1007 1038 vertere
1031 975 1136 1057 cogit.

366 1103 506 1166 namque
529 1083 608 1148 aliut
630 1089 784 1169 putrescit
806 1095 838 1154 et
860 1109 941 1154 aevo
965 1087 1071 1153 debile
1094 1088 1248 1170 languet,

367 1217 461 1281 porro
484 1198 563 1261 aliut
587 1199 733 1266 clarescit
756 1210 786 1266 et
809 1224 826 1268 e
850 1202 1083 1286 contemptibus
1106 1202 1191 1266 exit.

367 1313 413 1376 sie
435 1311 532 1394 igitur
554 1317 662 1379 mundi
687 1323 832 1382 naturam
855 1315 952 1382 totius
975 1321 1066 1379 aetas

292 1446 342 1492 sss
368 1431 489 1508 mutat,
507 1433 537 1490 et
560 1447 599 1490 ex
623 1429 687 1492 alio
710 1437 827 1494 terram
851 1435 954 1494 status
977 1427 1094 1512 excipit
1116 1428 1219 1512 alter,

369 1539 453 1622 quod
476 1548 551 1624 pote
575 1543 619 1605 uti
642 1551 801 1626 nequeat,
818 1543 918 1628 possit
941 1541 1027 1624 quod
1051 1563 1114 1606 uon
1137 1543 1208 1606 tulit
1232 1549 1327 1608 aute.

408 1655 569 1737 llultaque
591 1663 657 1720 tum
681 1657 776 1722 tellus
800 1657 894 1722 etiam
917 1663 1066 1739 portenta
1088 1675 1197 1722 creare

370 1777 514 1834 conatast
536 1773 618 1835 mira
642 1771 725 1836 sanie
749 1773 960 1854 membrisque
984 1777 1114 1852 coorta,

370 1884 611 1968 androgynum,
629 1887 845 1968 interutraquc
869 1905 928 1950 nee
951 1892 1075 1968 utrum,
1093 1886 1251 1966 utrimque
1274 1893 1424 1951 remotum.

292 2021 342 2066 aru
367 1999 447 2062 orba
470 1997 587 2084 pedum
612 2002 725 2083 partim
741 2051 748 2084 ,
766 2021 916 2066 manuum
940 1999 1072 2063 viduata
1094 1999 1257 2082 vicissim,

367 2121 456 2177 uuita
479 2114 547 2178 siue
571 2133 625 2176 ore
650 2115 766 2188 etiarn,
784 2115 852 2178 sine
875 2115 962 2194 ¹voltu
986 2133 1083 2178 caeca
1106 2119 1256 2198 reperta,
1466 2152 1467 2196 q

368 2229 537 2310 vinctaque
560 2230 770 2293 membrorum
795 2249 852 2314 per
874 2236 978 2294 totum
1001 2248 1117 2313 corpus
1140 2227 1313 2312 adhaese,

370 2363 428 2408 nee
452 2342 559 2407 lacere
582 2351 615 2406 ut
638 2351 769 2428 possent
793 2345 963 2426 quicquum
988 2364 1045 2408 uec
1069 2343 1182 2408 cedere
1207 2363 1366 2426 (proquam

369 2479 428 2522 uec
450 2459 550 2520 vitare
576 2459 692 2522 malurn
717 2478 774 2524 nee
799 2477 923 2522 sumere
947 2457 1032 2540 quod
1058 2457 1140 2524 foret
1162 2477 1263 2522 usne.
1312 2531 1314 2536 ,

294 2595 344 2641 ares
370 2581 477 2638 cetera
500 2572 540 2636 de
562 2592 679 2656 genere
703 2572 763 2636 boc
786 2578 927 2638 monstra
951 2593 987 2636 ue
1012 2579 1161 2656 portenta
1183 2574 1337 2646 creabat,

369 2707 410 2752 ne
435 2688 607 2768 quiquam,
625 2688 773 2769 quioniam
800 2695 911 2752 natura
933 2687 1106 2752 absterruit
1130 2693 1280 2764 auctum,

373 2821 432 2867 nec
455 2809 586 2886 potuere
609 2801 747 2884 cupitum
771 2801 886 2866 aetatis
909 2809 1044 2881 tangere
1067 2801 1177 2866 florem

375 2935 433 2982 nec
456 2918 594 3000 reperire
618 2919 722 2983 cibum
747 2937 807 2984 nec
830 2915 917 2998 iungi
942 2936 999 2998 per
1021 2915 1158 2982 Veneris
1182 2935 1256 2982 res.

370 3032 468 3096 multa
490 3030 637 3097 ridemus
660 3034 745 3097 euim
769 3035 865 3100 rebus
889 3051 1079 3097 concurrere
1101 3031 1238 3114 debere,

295 3167 346 3214 sno
372 3154 406 3211 ut
430 3147 639 3231 propagando
663 3147 787 3230 possint
809 3145 988 3230 procudere
1012 3147 1141 3226 saecla;

371 3261 492 3343 pabula
514 3261 648 3345 primum
674 3267 708 3324 ut
730 3262 814 3338 sint,
832 3261 986 3342 genitalia
1010 3260 1126 3326 deinde
1150 3280 1207 3346 per
1229 3267 1321 3326 artus

373 3375 497 3438 semina
520 3395 583 3458 qua
604 3375 729 3458 possint
750 3377 901 3442 membris
925 3394 1056 3440 manare
1078 3377 1232 3458 remissa,

372 3487 555 3572 seminaque
579 3497 614 3554 ut
635 3491 779 3556 maribus
803 3491 950 3576 coniungi
973 3490 1076 3574 possit
1099 3510 1216 3574 avere,

373 3611 545 3686 mutuaque
567 3605 729 3670 insinuent
752 3605 834 3670 iuter
856 3625 891 3670 se
914 3605 1036 3688 gaudia
1058 3611 1212 3686 uterque.

298 3739 348 3786 sss
417 3719 579 3801 Multaque
604 3726 669 3784 tum
692 3719 852 3784 interiisse
875 3719 1073 3784 animantum
1097 3718 1206 3784 saecla
1228 3721 1389 3784 necessest

372 3853 431 3898 uec
454 3833 596 3917 potuisse
620 3835 829 3920 propagando
853 3835 1028 3918 procudere
1052 3835 1195 3920 prolem.

377 4043 426 4088 838
447 4041 536 4090 erescit
560 4041 573 4106 Η
597 4043 769 4092 comissum.
796 4039 810 4109 Η
836 4043 885 4090 836
906 4041 988 4105 potuit
1013 4039 1026 4108 Η
1052 4043 1103 4090 838
1123 4039 1185 4090 lucit
1210 4037 1224 4108 Η
1250 4041 1302 4090 839
1321 4037 1461 4094 arrrmgprr

376 4126 528 4176 interutras
546 4144 592 4178 nec
611 4141 743 4192 utramque
762 4138 895 4192 utrumque
922 4127 934 4194 Η
961 4131 1009 4176 841
1032 4129 1115 4176 Multa
1140 4126 1153 4196 Η
1178 4131 1229 4177 844
1252 4131 1322 4178 volet
1346 4125 1358 4192 Η
1383 4121 1422 4170 tllt'
1438 4111 1464 4160 δι’

376 4213 467 4261 serruit
492 4218 504 4278 Η
532 4217 582 4264 850
601 4217 749 4278 praeludere
770 4217 782 4284 Η
808 4219 856 4266 851
879 4217 991 4280 primunt
1018 4213 1031 4283 Η
1056 4219 1105 4266 852
1126 4217 1207 4280 possis
1226 4213 1241 4280 Η
1262 4217 1385 4266 remissis.
1404 4207 1415 4276 Η
1434 4203 1464 4252 til

375 4299 470 4352 marius
493 4330 505 4364 Η
528 4301 607 4368 possis
626 4301 734 4352 habere.
757 4301 770 4372 Η
791 4307 841 4351 sne
861 4305 952 4352 Mutuo
971 4303 1014 4368 qui
1034 4311 1144 4352 metuent
