2996 5148
356 405 420 468 204
903 401 930 463 V

359 571 422 636 iam
446 589 535 634 mare
558 569 704 634 velivolis
724 571 858 636 llurebat
880 573 1061 656 puppibus,
1078 579 1110 636 et
1132 591 1181 637 res

358 685 479 750 auxilia
501 703 539 747 ae
562 682 667 748 socios
689 685 753 749 iam
776 693 872 770 paulu
896 683 1026 752 loedere
1050 685 1228 764 habebant,

357 797 551 864 carminibus
575 817 645 861 eum
668 787 850 881 res'gestas
873 819 1008 886 coepere
1031 807 1147 886 postas

277 936 342 981 1445
359 912 506 978 tradere:
524 931 584 976 nea
606 913 704 978 ruulla
728 913 805 996 priu'
827 922 901 980 suut
922 915 1080 982 elementa
1101 924 1250 1000 reperta.

305 1019 310 1030 ’
359 1035 533 1113 propterea
556 1025 631 1108 quid
654 1028 694 1090 sit
717 1028 804 1112 prius
827 1035 931 1094 aetum
952 1029 1114 1113 respicere
1137 1037 1225 1096 aetas

359 1149 469 1208 nostra
492 1141 620 1224 nequit,
638 1143 697 1208 uisi
722 1163 785 1224 qua
807 1145 887 1210 ratio
910 1143 1049 1224 vestigia
1071 1151 1251 1212 monstrat.

398 1257 538 1341 Navigia
559 1263 656 1338 atque
680 1258 751 1342 agri
774 1258 932 1343 culturas,
949 1260 1098 1343 moenia,
1114 1260 1225 1342 leges.

357 1394 467 1442 arura,
483 1372 571 1446 vias,
589 1377 695 1437 vestes
707 1421 715 1454 ‚
729 1379 760 1438 et
781 1381 889 1440 uetera
912 1373 952 1438 de
975 1393 1094 1458 genere
1118 1374 1253 1461 horum,

277 1511 342 1554 1450
359 1487 523 1572 praemia,
541 1486 672 1552 delicias
695 1507 821 1570 quoque
843 1488 928 1554 vitae
952 1488 1095 1556 funditus
1119 1490 1246 1574 omnis,

359 1603 519 1686 earmina,
539 1603 696 1686 picturas,
713 1609 745 1667 et
767 1601 908 1668 daedala
929 1605 1024 1687 signa
1047 1605 1168 1690 polire,

358 1739 434 1784 usus
457 1726 489 1784 et
510 1718 668 1802 impigrae
690 1718 784 1782 simul
806 1719 1005 1803 experientia
1028 1721 1140 1787 mentis

358 1833 514 1918 paulatim
537 1833 645 1898 doauit
666 1833 869 1916 pedetemtirn
892 1835 1148 1919 progredientis.

358 1949 405 2014 siu
427 1969 523 2014 unum
546 1947 697 2030 quiequid
719 1947 873 2032 paulatim
896 1950 1052 2032 protrahit
1074 1957 1166 2018 aetas

277 2085 342 2131 1455
360 2067 393 2129 iu
417 2063 554 2128 medium
577 2063 721 2145 ratioque
743 2064 775 2128 iu
798 2063 927 2130 luminis
950 2067 1044 2151 erigit
1066 2086 1161 2132 oras:

359 2198 497 2262 uanique
520 2179 585 2241 alid
609 2197 649 2242 ex
671 2179 736 2244 alio
759 2179 938 2246 alaresuere
961 2182 1192 2258 conveniebat,

360 2295 480 2360 artibus
503 2296 546 2359 ad
569 2313 726 2360 summurn
749 2294 852 2360 donee
872 2315 991 2362 venere
1014 2314 1191 2364 eaeumeu.

360 2463 423 2470 —-.-.
435 2465 441 2468 -
454 2464 561 2471 .---—

366 2567 431 2612 1442
445 2563 512 2612 Tum
532 2561 544 2630 Η
565 2573 667 2628 propter
686 2565 793 2613 odores.
815 2561 828 2632 Η
851 2569 917 2614 1444
937 2580 1041 2628 caepere
1061 2561 1074 2632 ΙΙ
1099 2567 1164 2615 1449
1177 2575 1204 2616 et
1224 2567 1383 2620 omittam.
1406 2570 1418 2636 il
1438 2571 1483 2616 itit

363 2651 460 2714 polito.
483 2653 494 2714 tl
519 2655 584 2702 1456
604 2653 680 2702 corde
699 2651 834 2701 ridebant.
