3020 5146
554 449 612 515 llll

69 616 156 702 [Illud
179 619 255 686 item
277 640 340 686 non
363 625 413 686 eet
434 620 636 699 mirandum,
652 625 795 706 corporis
817 625 889 708 ipsa

36 732 109 812 quod
129 739 242 798 natura
265 735 366 800 cibum
390 737 516 818 quaerit
538 737 691 820 cuiusque
714 739 903 806 animantis.

37 849 139 934 quippe
163 850 279 916 etenim
301 850 402 916 fluere
425 859 521 933 atque
542 854 692 918 recedere
718 873 852 938 corpora
874 857 969 922 rebus

37 967 119 1030 multa
139 969 242 1034 modis
265 966 372 1030 multis
394 967 507 1045 docui,
523 968 581 1035 sed
606 969 741 1051 plurima
764 968 883 1034 debent

38 1101 68 1146 er
87 1081 281 1162 animalibu’;
299 1101 381 1164 quae
404 1084 480 1165 quia
503 1090 578 1150 sunt
599 1085 741 1150 exercita
763 1090 869 1168 motu,

38 1197 118 1260 multa
140 1217 197 1280 per
219 1217 257 1262 os
280 1197 489 1278 exhalantur,
506 1221 575 1265 eum
599 1201 755 1287 languida
777 1200 951 1286 anbelant,

37 1312 176 1394 multaque
197 1333 256 1396 per
280 1315 428 1379 sudorem
451 1335 492 1380 ex
514 1315 579 1380 alto
602 1335 714 1399 pressa
736 1315 901 1380 teruntur.

37 1425 74 1488 lis
93 1426 181 1508 igitur
202 1428 303 1492 rebus
325 1430 458 1494 rarescit
479 1449 594 1513 corpus
617 1435 648 1494 et
671 1429 773 1494 omnis

36 1540 175 1606 subruitur
196 1547 336 1625 uaturo;
352 1542 445 1607 dolor
467 1563 561 1624 quum
585 1545 789 1626 consequitur
811 1563 897 1608 rem.

34 1662 184 1738 propterea
206 1656 338 1740 capitur
360 1657 469 1740 cibus,
486 1665 521 1722 ut
541 1657 702 1722 suffulciat
723 1663 812 1720 artus

34 1773 59 1829 et
77 1775 186 1835 recreet
207 1771 295 1836 vires
317 1770 399 1836 inter
422 1771 535 1848 datus,
552 1777 648 1854 atque
671 1777 831 1855 patentem

34 1901 77 1962 por
95 1886 230 1951 urerubra
254 1907 297 1951 ac
319 1905 419 1952 venas
442 1893 475 1951 ut
497 1907 637 1953 amorem
661 1894 786 1971 opturet
808 1885 943 1952 edendi.

37 2014 107 2061 unor
124 2000 194 2064 item
218 2001 361 2066 discedit
382 2002 414 2066 in
438 2004 546 2068 omnia
569 2021 652 2086 quae
675 2003 747 2068 loca
771 2021 905 2084 cumque

37 2123 145 2191 prount
166 2136 313 2182 umorem
328 2142 335 2181 :
350 2118 592 2201 glomerataque
614 2119 714 2182 multa
735 2119 865 2203 vaporis

42 2243 164 2310 terpora,
181 2252 270 2316 quae
294 2233 459 2298 stomacho
481 2236 636 2318 praebent
656 2233 805 2298 incendia
827 2239 956 2310 nostro,

44 2336 154 2427 dissupat
175 2346 362 2413 adveniens
383 2348 487 2430 liquor
510 2369 549 2414 eo
570 2348 737 2429 restinguit
757 2354 793 2410 ut
813 2348 939 2432 ignem,
1015 2401 1017 2406 ,

43 2471 106 2522 urere
124 2480 162 2524 ne
183 2462 292 2546 possit
314 2463 402 2526 calor
424 2463 560 2548 amplius
584 2463 693 2528 andus
715 2470 822 2528 artus.

40 2567 72 2630 sic
89 2571 173 2653 igitru
194 2575 255 2640 tibi
281 2576 400 2642 anhela
421 2578 491 2643 sitis
512 2577 552 2642 de
576 2597 706 2661 corpore
728 2583 838 2643 nostro

38 2681 168 2774 abluitur,
185 2692 234 2757 sic
257 2691 407 2778 expletur
427 2691 537 2756 ieiuna
559 2692 674 2775 cupido
687 2691 713 2780 .]

63 2795 141 2868 Nune
163 2806 215 2886 qui
240 2805 301 2888 liat
322 2806 368 2870 uti
390 2826 506 2890 passus
528 2804 672 2890 prolerre
696 2825 868 2889 queamus,

33 2929 87 2976 curn
107 2919 273 2996 uolumus,
290 2920 442 3002 varieque
465 2919 573 2986 datum
597 2921 639 2985 sit
661 2921 805 2984 membra
828 2938 975 3000 movere,

32 3031 56 3087 tt
73 3049 146 3110 quae
168 3053 220 3100 res
241 3039 370 3100 tautum
392 3035 453 3101 hoo
475 3037 580 3102 oneris
601 3033 789 3120 protrudere
810 3033 909 3097 nostri

33 3147 154 3225 corporis
174 3149 334 3225 insuerit,
350 3149 473 3215 dicam:
490 3155 525 3214 tu
548 3149 677 3234 percipe
700 3147 805 3212 dicta.

32 3249 87 3320 dico
106 3262 207 3329 animo
231 3269 346 3329 nostro
369 3264 504 3348 primunr
527 3265 701 3330 simulacra
722 3260 849 3328 meandi

31 3371 153 3438 accidere
175 3382 276 3459 atque
299 3377 440 3442 animum
465 3377 617 3462 pulsare,
633 3385 668 3442 ut
690 3378 827 3443 diximus
850 3381 944 3440 ante.
1057 3455 1059 3458 Ι

31 3476 88 3547 iude
107 3488 250 3558 voluntas
274 3492 329 3556 tit:
345 3511 449 3574 neque
469 3493 554 3558 enirn
579 3491 685 3556 facere
707 3490 819 3576 incipit
838 3491 937 3554 ullam

32 3609 82 3658 rem
101 3601 289 3686 quisquam,
308 3625 403 3688 quam
426 3627 518 3673 mene
540 3607 679 3691 prouidit
701 3606 776 3703 quid
801 3607 877 3670 velit
898 3611 992 3670 ante.

32 3701 57 3766 id
75 3714 151 3790 quod
173 3718 343 3805 providet,
359 3721 446 3786 illius
469 3723 515 3787 rei
537 3725 663 3786 constat
683 3721 813 3802 imago.

31 3837 90 3902 ergo
111 3806 235 3898 animus
259 3853 331 3898 cum
355 3853 426 3900 sese
447 3833 494 3900 ita
516 3840 696 3901 commovet
717 3840 752 3897 ut
773 3835 851 3900 velit
872 3834 917 3898 ire

31 3930 107 4017 inque
126 3945 238 4028 gredi,
255 3946 330 4011 ferit
351 3950 510 4032 externplo
535 3969 616 4030 quae
638 3949 671 4013 in
694 3968 827 4031 corpore
849 3953 936 4024 toto,

31 4065 75 4126 ltr
92 4060 232 4124 membra
256 4067 352 4143 atque
375 4069 484 4145 artus,
500 4063 619 4128 animai
643 4062 756 4128 dissita
777 4061 825 4126 vis
848 4069 915 4128 est:

38 4219 207 4242 ’Ἢ

32 4323 69 4374 ⁸⁴32
86 4345 145 4391 «puae
162 4335 302 4386 emiorum.
324 4335 338 4404 ΙΙ
361 4339 411 4388 878
431 4339 517 4388 ieiuno
537 4337 550 4404 ΙΙ
573 4341 622 4390 877
642 4339 687 4389 flat
707 4337 720 4408 ΙΙ
742 4355 861 4402 quemne.
883 4336 896 4407 ΙΙ
921 4344 972 4390 878
990 4359 1097 4405 rareque
1117 4341 1131 4410 Η

32 4415 71 4460 ure
88 4421 167 4468 enoris
185 4420 199 4490 ΙΙ
220 4425 273 4472 884
292 4439 368 4486 qrrnrn
386 4425 527 4476 omissum.
548 4425 561 4494 Η
582 4429 632 4475 885
652 4435 767 4476 constare
788 4425 801 4494 Η
821 4431 871 4476 886
891 4429 947 4491 Ego
