2996 5148
564 389 716 432 nuoarssro
1175 377 1195 441 5

109 559 196 624 neque
216 559 253 607 eo
268 546 344 606 ants
359 539 511 606 Vossium
526 540 579 625 qui
596 559 673 607 usus
688 541 731 608 sit
745 561 939 627 quemquam
956 543 1081 628 reperio
1097 568 1103 609 :
1120 545 1196 612 olim

13 637 14 658 ³
109 649 198 710 tamen
223 643 410 727 Maguntiae
443 644 542 710 luisse
571 643 688 711 donent
715 665 799 730 quae
826 645 946 730 scripta
974 651 1048 712 sunt
1075 650 1198 732 pagina

107 747 193 832 prima
212 747 243 812 in
263 747 410 830 margine
431 747 604 831 inferiore,
629 747 704 814 ‘Iste
720 748 801 814 liber
816 748 956 832 pertinet
972 749 1016 815 ad
1031 751 1196 818 librariam

107 850 199 916 Sanni
225 849 355 916 Martini
384 850 519 916 eoelesie
545 849 733 932 lllaguntin.
760 851 801 915 Μ.
832 849 981 917 Sindieus
1007 853 1198 940 subscripsit

15 951 16 992 ³
106 951 307 1019 mn01479.’
336 951 496 1036 sebedae,
520 952 590 1018 sive
602 953 694 1039 folio
716 953 823 1020 dioere
845 953 1023 1039 malumus,
1047 963 1120 1022 sunt
1141 978 1196 1023 nu-

15 1099 16 1102 =
105 1075 180 1122 nero
196 1055 275 1140 192,
298 1075 412 1122 versus
427 1056 620 1140 paginarum
636 1055 762 1138 viceni,
787 1057 819 1122 in
835 1055 956 1123 soheda
969 1056 1012 1122 42
1026 1059 1132 1142 (quae
1148 1067 1197 1126 est

105 1158 309 1241 quaternionis
323 1159 407 1224 sexti
422 1159 534 1240 tertia)
558 1159 663 1225 viceni
678 1159 803 1244 septeni
824 1161 885 1242 (u,
901 1159 1110 1242 484-536).
1131 1183 1197 1228 una

104 1262 210 1347 pagina
231 1267 299 1326 tota
321 1280 424 1327 vacua
446 1267 496 1327 est
510 1266 583 1346 post
599 1280 727 1328 versum
744 1261 818 1328 libri
830 1284 863 1324 vr
877 1262 936 1328 78:
956 1281 996 1328 ea
1012 1269 1061 1330 est
1075 1265 1197 1348 pagina

16 1388 22 1435 r
104 1383 186 1432 versa
206 1363 345 1430 sobedae
368 1365 499 1448 quintae
522 1363 555 1430 in
577 1363 744 1448 termene,
775 1363 864 1430 euius
888 1363 1009 1431 soheda
1029 1372 1122 1433 sexta
1144 1387 1196 1432 ex-

103 1467 161 1532 cisa
180 1473 248 1534 est.
264 1467 316 1532 hio
338 1467 419 1532 liber
441 1485 478 1533 eo
495 1466 565 1551 ipso
581 1473 644 1549 quo
660 1468 799 1553 seriptus
814 1473 863 1534 est
877 1473 1020 1552 tempore
1036 1487 1057 1534 a
1071 1467 1196 1534 duobus

103 1569 230 1636 librariis
267 1575 427 1636 eorreelus
461 1574 509 1635 est
528 1617 536 1634 .
557 1587 665 1634 eorum
700 1591 981 1636 counncnoeuu
1008 1571 1090 1637 alter
1120 1573 1195 1638 sori-

103 1671 186 1739 bendi
201 1691 320 1757 genere
334 1672 495 1739 Saxonioo
512 1691 588 1738 usus
604 1673 767 1758 supplevit
784 1692 896 1739 versus
916 1673 1118 1740 aFranoone
1138 1695 1197 1759 per

18 1774 23 1863 ξ
101 1775 329 1860 neglegentiam
352 1774 510 1858 omissos,
533 1775 579 1840 ita
600 1773 729 1858 quidem
752 1781 785 1840 ut
800 1777 907 1861 priore
926 1777 1087 1862 scriptura
1109 1777 1196 1842 eluta

100 1899 237 1946 uersuum
253 1878 362 1962 spatia
376 1897 439 1942 non
455 1877 551 1943 nimis
567 1883 707 1960 angusta
722 1876 862 1944 laceret.
880 1879 931 1945 bio
946 1879 1053 1963 Saxo,
1069 1887 1196 1964 praeter

100 2001 185 2066 quam
207 1981 295 2066 quod
318 2007 334 2047 e
356 1980 483 2045 litterae
504 1979 693 2064 plerumque
716 1981 853 2048 eandam
882 1981 1067 2066 subiunxit,
1095 1987 1131 2048 ut
1159 2008 1196 2050 ae

99 2084 198 2168 ierat,
221 2105 285 2150 non
308 2084 410 2150 mulla
431 2083 569 2148 oorrenit
585 2129 592 2146 .
609 2083 691 2150 alter
713 2089 787 2168 post
811 2103 882 2149 eum
905 2085 1000 2168 (nam
1023 2085 1058 2149 in
1079 2085 1161 2151 libro
1184 2109 1195 2148 r

99 2205 161 2252 mm
176 2187 260 2254 Saxo
283 2187 317 2252 in
338 2186 436 2251 litura
458 2204 569 2252 versus
592 2186 688 2252 unius
709 2186 891 2269 scripsisset
906 2185 969 2252 549
992 2191 1024 2253 ot
1038 2187 1121 2271 550,
1144 2189 1196 2254 bie

97 2289 172 2356 alter
192 2290 336 2356 ultimam
359 2288 392 2354 in
415 2313 567 2376 reparare
588 2287 728 2356 litteram
743 2288 777 2353 in
799 2290 816 2354 a·
834 2289 989 2373 mutavit)
1010 2288 1090 2355 loeis
1106 2290 1195 2355 innu-

98 2393 185 2460 meris
199 2393 324 2458 litteras
341 2399 373 2457 et
388 2391 548 2458 vooabula
562 2392 615 2458 vel
630 2389 815 2458 emendavit
829 2391 880 2456 vel
897 2393 1057 2475 eorrupit,
1078 2393 1195 2477 partim

100 2495 133 2562 do
154 2496 357 2578 coniectura,
380 2495 448 2561 alia
470 2513 510 2562 ex
534 2493 646 2562 eodem
663 2493 718 2558 illo
734 2491 958 2576 antiquissimo
982 2494 1111 2580 eodioe,
1132 2516 1195 2580 quo

100 2597 314 2684 huncquoque
328 2617 420 2665 usum
441 2617 513 2664 esse
535 2615 575 2662 ex
597 2595 637 2662 iis
659 2601 795 2682 apparet
817 2615 901 2680 quae
923 2602 980 2662 aut
1002 2597 1196 2664 intellectum

100 2723 155 2766 non
176 2703 295 2769 babent
317 2709 373 2768 aut
387 2700 500 2768 eodem
514 2699 611 2766 modo
626 2700 661 2764 in
676 2699 853 2784 exemplari
868 2698 1046 2784 quadrato,
1070 2700 1110 2768 de
1133 2721 1195 2785 quo

101 2805 175 2872 infra
194 2806 322 2890 diuam,
345 2805 466 2890 seripta
489 2808 618 2870 extant.

174 2908 318 2976 Alterum
348 2907 422 2972 libri
445 2905 658 2989 antiquissimi
681 2903 906 2990 apographum
930 2904 962 2968 in
984 2903 1112 2969 Italiam
1134 2911 1197 2970 tra-

101 3019 213 3078 seotum
240 3017 310 3095 εει,
338 3028 422 3094 quas
449 3008 565 3093 quibus
594 3007 758 3074 oodioibus
787 3025 845 3091 per
867 3006 1030 3073 saeculum
1052 3007 1196 3090 quintum

101 3115 244 3184 decimum
268 3133 328 3180 usa
350 3119 418 3196 est,
442 3131 498 3178 eos
522 3129 633 3178 omnes
657 3109 769 3176 babuit
790 3109 903 3175 eodem
927 3109 1075 3194 exemplo
1098 3109 1196 3193 serip-

101 3227 161 3303 tos,
183 3219 323 3301 oblongo
347 3221 456 3282 nostro
481 3213 522 3280 ab
539 3214 624 3280 omni
640 3218 732 3298 parte
755 3211 938 3279 simillimos
962 3231 1066 3296 noque
1089 3217 1197 3277 mmon

102 3341 135 3386 ex
160 3323 298 3404 oblongo
330 3319 463 3385 duotos:
484 3315 659 3403 aliquando
688 3315 772 3381 enim
801 3316 842 3382 ab
871 3316 931 3381 boe
954 3314 1145 3381 dissentiunt
1165 3321 1197 3380 et

17 3496 21 3509 Ι
102 3443 161 3490 oum
187 3423 348 3509 quadrato
379 3420 522 3504 laniunt,
549 3419 646 3504 idque
673 3418 707 3484 in
730 3419 769 3482 iis
792 3417 888 3484 rebus
912 3437 991 3503 quas
1015 3418 1198 3484 coniectura

17 3512 22 3543 ²
102 3523 222 3610 adsequi
250 3543 346 3591 nemo
374 3525 500 3609 potuit.
529 3524 640 3590 borum
670 3521 816 3588 codicum
842 3541 935 3604 eum,
963 3541 981 3586 e
1008 3539 1071 3603 quo
1101 3520 1197 3585 ceteri

16 3612 23 3685 l
103 3626 224 3696 derivati
240 3632 336 3711 sunt,
353 3627 514 3711 aPoggio
529 3625 714 3692 l‘lorentino
731 3645 749 3690 e
765 3623 940 3690 Germania
955 3623 1088 3688 allatum
1104 3621 1197 3692 adfir-

17 3734 22 3743 '
103 3749 208 3798 narem
229 3735 328 3816 (nam
343 3735 417 3796 ante
433 3729 527 3794 buius
543 3734 688 3813 tempora
704 3729 847 3809 Dantes,
869 3724 1063 3808 Petraroha,
1080 3725 1197 3790 Boena-

104 3833 178 3920 oins,
201 3835 262 3902 nisi
278 3833 396 3916 fallor,
420 3831 560 3898 Lucretii
578 3831 771 3896 mentionem
787 3829 932 3895 lecerunt
955 3828 1096 3910 nullam,
1121 3827 1198 3892 Gul-

16 3948 21 3957 ·
103 3936 203 4006 ielmus
219 3936 470 4020 Pastrengious,
490 3933 552 4000 nisi
569 3933 655 4017 qnod
667 3943 793 4019 potitam
808 3931 956 3997 comr'cum
974 3929 1072 4014 dioit,
1088 3929 1198 3994 Hiero-

105 4041 178 4124 nymi
200 4039 372 4106 ebronioon
394 4036 579 4122 sequitur),
603 4035 665 4100 nisi
683 4035 825 4118 Poggius
848 4034 918 4117 ipse
941 4033 974 4098 in
998 4033 1143 4099 oratione
1165 4033 1198 4096 in

105 4141 344 4210 tmerellioolai
367 4140 408 4206 de
424 4139 547 4206 Nioolis
570 4137 690 4222 scripta
713 4137 851 4219 itemque
875 4136 907 4198 in
931 4133 1063 4217 dialogo
1086 4134 1126 4200 de
1148 4135 1196 4200 iu-

14 4244 19 4272 ³
106 4241 243 4312 lelloilate
270 4243 449 4330 principum
478 4261 513 4306 se
541 4240 688 4306 Dumotii
704 4249 832 4325 [rariora
861 4237 893 4302 in
916 4238 1018 4302 luoem
1042 4237 1197 4302 extulisse

108 4343 215 4413 diceret
236 4366 339 4430 eoque
361 4345 457 4410 medo
480 4342 608 4410 laudem
633 4342 673 4408 ab
697 4341 771 4408 aliis
793 4340 854 4406 sibi
877 4339 1029 4406 tributam
1053 4339 1123 4423 ipse
1146 4359 1198 4404 ex-

107 4449 223 4514 tenuare
237 4448 418 4516 videretur.
436 4466 630 4532 quamquam
646 4464 760 4511 vereor
775 4463 815 4510 ne
830 4443 996 4528 Poggius,
1013 4461 1083 4507 oum
1101 4440 1197 4504 nimis

109 4545 205 4616 doetus
226 4573 296 4618 esse
313 4549 430 4634 vellet,
447 4549 516 4634 ipse
539 4549 601 4614 eibi
617 4549 667 4614 seo
677 4547 738 4613 erit
752 4545 900 4612 iniuriam
914 4568 921 4608 r
945 4565 1018 4608 nam
1035 4564 1105 4607 eum
1122 4544 1199 4608 Var-
