3020 5146
371 454 430 520 146
904 455 962 520 ΠΙΙ

364 622 515 688 bracchia
536 622 778 707 palpebraeque
801 623 937 704 cadunt,
953 628 1158 714 poplitesque
1180 632 1314 698 cubanti

365 757 462 822 saepe
484 745 592 802 tamen
616 739 850 804 summittuntur
872 739 1014 822 virisque
1035 745 1217 810 resolvunt.

366 851 482 918 deinde
504 853 609 917 cibum
632 853 776 934 sequitur
798 874 950 940 somnus,
967 857 1064 938 quia,
1081 879 1163 940 quea
1187 859 1266 924 facit
1287 868 1352 927 aer

291 991 340 1039 999
365 968 448 1034 haec
471 967 581 1032 eadem
607 967 713 1051 cibus,
730 968 762 1032 in
785 987 886 1035 venas
909 971 984 1035 dum
1008 973 1127 1038 diditur
1149 975 1273 1060 omnis,

366 1083 483 1148 efficit.
500 1089 531 1146 et
554 1083 650 1147 rnuitc
674 1103 772 1168 sopor
793 1085 848 1150 ille
869 1087 1074 1169 gravissimus
1097 1096 1220 1166 exstat,

366 1219 459 1282 quern
482 1203 568 1262 satur
590 1205 643 1262 aut
665 1197 771 1264 lassus
793 1200 927 1284 capias,
946 1203 1022 1282 quia
1043 1203 1182 1286 piurima
1204 1209 1270 1267 turn
1296 1226 1339 1271 se

367 1333 502 1398 corpora
526 1317 716 1381 conturbant
737 1335 855 1399 magno
878 1323 1013 1381 oonmsa
1036 1317 1168 1382 labore.

365 1429 398 1494 tit
420 1431 543 1495 ratione
567 1431 681 1496 eadem
705 1430 866 1496 coniectus
889 1432 1002 1514 par-tiro
1025 1432 1143 1496 animai

290 1565 340 1612 999
365 1545 478 1622 altior,
496 1551 592 1627 atque
614 1545 702 1610 foras
725 1545 844 1611 eiectus
867 1546 988 1628 largior
1010 1546 1098 1632 eius,

366 1667 398 1724 et
419 1660 550 1725 divisior
572 1662 654 1725 inter
676 1681 711 1726 se
736 1680 775 1726 ac
797 1660 980 1726 distractior
1002 1669 1115 1728 actus.

404 1777 444 1839 Et
466 1797 529 1858 quo
554 1776 688 1858 quisque
711 1777 779 1842 fere
803 1774 908 1840 studio
932 1776 1096 1842 devinctus
1118 1777 1295 1862 adhaeret,

365 1897 419 1957 aut
443 1891 557 1973 quibus
579 1891 611 1954 in
634 1891 730 1955 rebus
753 1891 883 1954 muitum
906 1911 1016 1956 snmus
1038 1899 1111 1958 ante
1133 1894 1248 1957 rnorsti

362 2013 460 2087 atquc
483 2005 514 2068 in
537 2023 577 2070 ea
598 2004 722 2070 ratione
745 2003 805 2068 init
827 2012 975 2071 contenta
996 2007 1100 2092 magis
1123 2026 1235 2084 mens,

288 2141 338 2188 999
362 2121 393 2185 in
416 2121 536 2185 somnis
559 2119 670 2185 eadem
694 2119 881 2204 pierumque
904 2119 1048 2185 videmur
1072 2121 1180 2198 obire;

365 2234 517 2302 causidici
541 2254 656 2299 causas
679 2253 777 2318 agere
799 2241 830 2298 et
852 2255 1044 2319 componere
1066 2236 1174 2320 leges,

363 2351 605 2435 induperatores
627 2369 773 2434 pugnare
796 2369 834 2414 ac
857 2351 981 2433 proelia
1004 2351 1113 2428 obire,

364 2473 481 2532 nautae
504 2469 699 2530 contractum
723 2483 793 2528 curu
816 2464 917 2529 ventis
941 2465 1058 2548 degere
1081 2466 1219 2550 belluni,

363 2601 421 2646 nos
444 2598 541 2664 agere
564 2579 624 2645 boc
647 2585 753 2644 autern
777 2587 808 2644 et
830 2587 977 2644 naturam
1001 2599 1154 2663 quaerere
1176 2601 1286 2646 rerum

291 2716 341 2761 ero
363 2713 489 2778 semper
509 2702 540 2760 et
561 2695 723 2758 inventam
746 2695 859 2778 patriis
882 2715 1043 2779 exponere
1065 2693 1201 2761 chartis.

364 2817 469 2876 cetera
492 2810 538 2874 sic
559 2807 665 2874 stadis
688 2815 783 2891 atque
806 2815 891 2874 artes
913 2810 1101 2894 plerumque
1123 2807 1274 2874 videniur

362 2926 395 2990 in
418 2925 537 2990 somnis
560 2924 684 2989 animos
707 2924 869 2988 bominum
893 2924 1042 2990 frustrata
1065 2931 1194 2990 tenere.

362 3047 394 3106 ct
416 3040 470 3122 qui
493 3059 626 3122 cumque
650 3039 719 3104 dies
743 3039 858 3104 multos
882 3057 923 3102 ex
946 3039 1059 3104 ordine
1081 3037 1166 3104 ludis

362 3155 513 3222 adsiduos
537 3154 693 3220 dederunt
715 3173 848 3238 operas,
864 3151 1052 3238 pierumque
1074 3153 1239 3234 videmus,

287 3291 337 3337 ers
363 3287 433 3334 cunr
456 3271 517 3334 iarn
541 3269 728 3336 destiterunt
751 3289 791 3334 ea
812 3268 960 3334 sensibus
985 3289 1157 3352 usurpare,

364 3385 500 3449 relicuas
522 3391 626 3450 tamen
651 3403 722 3450 esse
745 3383 813 3448 vias
837 3382 868 3446 in
893 3389 996 3448 mente
1019 3383 1178 3466 patentis,

363 3520 425 3582 qua
446 3499 571 3582 possint
593 3499 705 3564 eadem
728 3517 833 3564 rerrrnr
856 3497 1027 3563 simulacro
1049 3499 1178 3572 venire:

364 3635 420 3699 per
443 3615 557 3679 multos
579 3615 685 3696 itaque
707 3613 764 3677 ilia
787 3611 855 3677 dies
878 3612 991 3679 eadem
1016 3614 1223 3679 obversantur

363 3737 438 3796 ante
461 3730 569 3796 oeulos
584 3779 591 3813 ,
609 3729 702 3794 etiam
726 3729 898 3812 vigilantes
921 3737 955 3793 ui
975 3729 1142 3794 videantur

287 3867 337 3914 999
363 3863 492 3911 cernere
514 3845 658 3908 saltantis
681 3851 712 3909 et
733 3844 844 3910 mollia
865 3845 1008 3910 membra
1031 3843 1206 3925 moventis,

364 3967 395 4026 et
417 3959 557 4025 citharae
579 3958 732 4039 liquidum
756 3977 884 4024 carmen
908 3958 1109 4040 chordasque
1132 3957 1298 4039 loquentis

363 4075 491 4139 auribus
513 4075 678 4158 accipere,
697 4079 727 4136 et
750 4091 935 4138 consessum
958 4093 1087 4138 eernere
1110 4071 1244 4136 cundem

363 4189 534 4271 scenaique
558 4189 651 4254 simul
673 4189 780 4254 varios
803 4187 974 4272 splendere
997 4188 1150 4254 decores.

1366 913 1375 946 i

366 4435 415 4488 999
435 4447 505 4503 parte
525 4435 538 4506 Η
559 4440 607 4488 991
629 4439 711 4488 intus.
732 4432 746 4504 Η
765 4439 814 4487 989
834 4451 983 4488 consensum
1004 4433 1018 4507 li
1039 4439 1088 4488 989
1107 4436 1251 4500 &euntque
