3020 5146
561 461 588 524 V

47 627 154 712 proinde
176 637 282 712 putare
303 630 441 712 aliquem
464 636 531 694 turn
556 631 685 694 uomina
708 629 908 694 distribuisse

47 743 137 826 rebus,
153 751 181 809 et
201 745 272 810 inde
294 746 439 812 homines
463 743 613 814 didicisse
636 747 796 812 vocabula
818 745 940 828 pmcne,

47 857 210 942 desiperest.
226 881 296 924 nam
320 881 375 924 cur
395 859 447 926 bic
469 869 578 942 posset
600 869 715 927 cuncta
736 867 848 926 notare

47 973 149 1036 uocibus
168 981 197 1040 et
217 977 324 1042 varios
346 979 469 1044 sonitus
493 978 632 1042 emittere
655 976 807 1059 linguae,

47 1093 160 1169 tempore
181 1089 289 1155 eodem
313 1092 367 1157 alii
391 1092 498 1158 faeere
520 1091 551 1156 id
575 1113 638 1156 uon
661 1091 769 1172 quisse
791 1087 970 1172 putentur?

47 1209 179 1284 praeterea
200 1205 225 1268 si
248 1225 314 1272 uon
337 1208 394 1272 alii
416 1195 543 1289 quodue
565 1205 695 1270 vocibus
718 1204 766 1268 usi
993 1191 1000 1200 ’

47 1315 107 1378 iuter
126 1336 156 1381 sc
178 1317 320 1404 fuerant,
337 1319 422 1386 unde
445 1321 542 1388 insita
564 1319 691 1386 notities
715 1324 763 1382 est

47 1429 159 1494 utilitatis
180 1438 209 1497 et
231 1433 317 1499 unde
340 1435 416 1500 data
438 1441 487 1502 est
509 1435 581 1500 huic
602 1433 705 1519 prium
727 1437 889 1515 potestas,

47 1544 104 1624 quid
122 1547 228 1624 vellet,
245 1548 356 1616 lacere
379 1557 414 1614 ut
435 1549 553 1614 scireut
575 1549 744 1629 animoque
767 1545 940 1612 viderent?

47 1677 133 1741 cogere
152 1662 222 1728 item
244 1664 347 1748 pluris
369 1685 451 1732 uuus
471 1666 638 1747 victosque
661 1661 793 1728 domare

47 1793 91 1835 ooo
110 1783 243 1862 poterat,
261 1798 367 1844 rerum
392 1787 426 1844 ut
447 1780 629 1864 perdiscere
652 1777 783 1842 nomina
805 1775 942 1840 vellent.

47 1907 89 1950 nec
107 1891 218 1957 radone
240 1893 359 1960 docere
382 1893 449 1958 ulla
471 1892 672 1974 suadereque
694 1890 819 1964 surdis,

48 2001 101 2080 quid
120 2005 156 2069 sit
176 2027 254 2092 opus
277 2007 384 2090 facto,
402 2007 549 2074 facilest:
565 2027 668 2090 neque
691 2007 776 2072 euim
799 2010 1002 2090 paterentur.

49 2133 88 2178 uec
106 2121 215 2186 ratione
236 2123 304 2186 ulla
326 2122 388 2188 sibi
411 2121 530 2186 terrent
551 2121 689 2206 amplius
712 2120 798 2185 auris

54 2231 112 2294 rocio
130 2234 285 2304 inauditos
309 2239 432 2302 sonitus
455 2237 630 2302 obtundere
653 2235 790 2300 trustra.

56 2351 172 2422 eudemo
194 2351 270 2433 quid
295 2353 330 2418 in
352 2353 412 2416 hae
435 2351 580 2418 mirabile
602 2355 801 2434 tantoperest
824 2369 879 2424 re,

54 2455 165 2538 sigeum
186 2464 382 2542 humanum,
400 2466 451 2532 cui
471 2487 536 2532 vox
560 2473 591 2531 et
611 2466 722 2546 lingua
744 2465 885 2548 vigeret,

50 2587 88 2650 pro
105 2579 182 2644 varic
205 2600 304 2648 sensu
328 2581 490 2646 vastares
513 2601 589 2646 vooe
613 2581 766 2646 notaret?

48 2701 97 2750 rum
115 2693 245 2773 pecudes
266 2701 398 2778 mutae,
418 2715 489 2760 cum
511 2694 650 2776 denique
672 2695 779 2759 saecla
801 2693 940 2758 terarum

48 2797 177 2872 dissimilis
198 2810 328 2876 soleant
349 2827 444 2876 voces
466 2808 637 2890 variasque
660 2810 762 2890 ciere,

48 2931 96 2978 oum
114 2929 207 2989 metus
230 2913 403 2989 aut‘dolor
425 2929 526 2988 estet
548 2943 618 2987 cum
642 2923 706 2986 iam
729 2920 849 3002 gaudia
872 2919 1029 3000 gliscunt.

48 3028 134 3114 quippe
155 3038 269 3102 etenim
293 3037 422 3102 licelid
445 3039 539 3104 rebus
564 3055 759 3116 cognoscere
781 3035 921 3118 apertis.

48 3139 144 3210 inritata
165 3169 279 3216 canum
304 3152 529 3236 cumprimum
555 3151 684 3214 inmane
709 3148 883 3212 Molossum

49 3257 128 3324 uollia
148 3265 224 3330 ricta
247 3265 388 3330 fremunt
410 3265 507 3332 duros
531 3265 688 3330 nudantia
710 3263 845 3336 dentes,

49 3363 117 3452 louge
136 3378 195 3442 alic
218 3380 327 3444 sonitu
351 3379 441 3446 rabie
464 3380 608 3444 restricta
630 3379 810 3460 minantur,

49 3491 66 3542 tt
83 3505 140 3552 oum
161 3493 223 3557 iam
246 3495 369 3560 latrant
391 3501 421 3558 ct
443 3493 574 3558 vocibus
597 3493 706 3556 omnin
729 3491 910 3576 complent:

49 3602 65 3656 d
82 3605 189 3672 catulos
211 3608 333 3674 blande
356 3627 426 3674 cum
449 3608 561 3691 lingua
582 3608 723 3673 lambere
745 3613 921 3692 temptant,

49 3717 83 3773 rut
99 3717 144 3782 ubi
166 3741 220 3787 eos
244 3723 366 3788 iactant
387 3723 524 3808 pedibus
547 3743 717 3805 morsuque
740 3729 884 3807 petentes

50 3833 177 3910 ruspensis
198 3841 326 3902 teneros
349 3837 534 3902 minitantur
556 3837 704 3902 dentibus
728 3838 881 3917 insuetus,

50 3935 117 4024 luge
137 3947 196 4014 alio
220 3957 315 4034 pacm
337 3951 471 4034 gannitu
493 3951 581 4016 vocis
603 3952 758 4028 adulant,

78 4080 211 4096 “““--

52 4145 96 4193 litt
112 4151 207 4204 Utilis„
227 4155 241 4225 Η
263 4161 329 4207 1049
348 4159 424 4207 sciret
444 4157 457 4226 Η
478 4159 589 4208 uideret.
611 4155 624 4224 ΙΙ
652 4161 716 4206 1052
737 4157 840 4206 sordes.
862 4155 874 4224 Η
902 4160 968 4207 1053
988 4159 1063 4208 facile
1081 4160 1100 4208 si
1124 4155 1137 4224 Η

50 4231 97 4282 1055
113 4243 190 4290 sonitu
208 4243 360 4294 subtundere
386 4243 400 4310 Η
430 4245 496 4293 1058
521 4245 603 4294 varius
621 4261 660 4294 ree
689 4243 703 4312 Η
735 4247 800 4294 1062
826 4245 850 4292 iu
879 4242 894 4312 ΙΙ
926 4249 991 4296 ¹⁰⁰3
1009 4263 1104 4309 ¹¹¹⁸ss¹¹⁸
1123 4244 1136 4314 11

50 4317 96 4366 11111
114 4339 222 4386 premunt
242 4329 255 4397 Η
279 4334 343 4380 1065
364 4331 415 4380 alia
434 4329 448 4398 Η
468 4331 555 4380 stricta
574 4333 700 4380 minatur.
721 4329 735 4398 Η
758 4333 822 4380 1061
837 4333 872 4380 At
893 4329 906 4398 Η
930 4334 994 4382 1008
1009 4333 1103 4387 lactant
1124 4331 1136 4402 Η

50 4415 153 4460 borsines.
173 4412 186 4482 Η
207 4419 272 4465 10119
293 4417 423 4466 imitantur
