2996 5148
526 428 708 473 russorum
1134 407 1173 472 13

93 581 250 646 Lucretium
265 581 377 648 iterum
393 581 504 648 ederet
519 601 629 649 meuse
641 577 793 645 Ianuario
808 579 910 663 1515,
928 580 1093 663 exemplar
1109 579 1173 645 Ma-

92 684 240 749 rullianum
264 704 364 769 prope
386 691 506 769 totum,
523 684 582 750 sed
604 682 790 765 diligentius
806 680 1009 764 distinctum,
1025 681 1173 766 repetiit,

91 788 148 872 ipse
167 805 268 873 pauca
289 789 424 853 novavit
446 807 549 870 eaque
565 786 758 871 prudenter.
775 785 869 850 aunis
885 806 983 848 xuvur
999 785 1174 850 interiectis

92 889 246 974 Dionysius
268 891 444 955 Lambinus
471 891 561 972 (utor
583 889 652 955 eius
675 889 816 955 editione
838 888 951 970 tertia,
981 906 1065 971 quae
1088 886 1176 952 15515

90 997 129 1056 est
140 992 278 1060 Lutetiae
293 1013 379 1058 anuo
398 991 521 1074 1570),
542 991 637 1056 bomo
661 991 784 1074 ingenii
808 991 911 1056 felicis
934 991 1084 1073 idemque
1106 989 1174 1074 phi-

89 1093 234 1178 losophiae
249 1094 413 1161 studiosus
429 1101 460 1160 et
474 1095 606 1178 liuguae
621 1093 756 1159 Latinae
771 1095 804 1159 iu
821 1093 932 1179 primis
948 1093 1089 1178 peritus,
1107 1099 1175 1157 tau-

89 1205 141 1261 tum
160 1199 338 1282 praestitit,
362 1203 396 1262 ut
417 1197 562 1282 proxime
577 1204 651 1283 5551
666 1196 857 1278 Marullum,
881 1196 978 1279 longo
1001 1203 1108 1262 tamen
1131 1197 1176 1259 iu-

89 1300 225 1382 15155115,
241 1299 451 1366 collocandus
466 1301 528 1384 511,
545 1300 644 1383 siquis
660 1299 693 1364 15
709 1307 844 1383 unoque
856 1319 896 1365 55
907 1319 991 1382 quae
1003 1300 1089 1365 bona
1103 1304 1177 1362 5551

89 1401 145 1467 5515
157 1410 298 1469 numeret
311 1427 319 1466 :
335 1423 410 1469 uam
426 1410 457 1468 51
472 1403 628 1468 Marullus
644 1404 835 1487 saepissime
851 1401 1014 1487 peccavit,
1037 1409 1069 1467 51
1083 1401 1176 1466 Lam-

88 1503 183 1590 binus,
197 1513 328 1591 praeter
342 1506 442 1572 mults
457 1506 648 1588 verissima,
671 1505 811 1570 mirabili
826 1504 967 1588 quadam
984 1505 1083 1571 animi
1099 1505 1176 1570 levi·

87 1613 139 1672 tute
159 1608 326 1674 innumera
346 1609 413 1674 alia
433 1615 553 1675 temere
576 1609 682 1674 intulit
703 1609 792 1672 nulla
807 1603 906 1674 eausa
921 1607 1073 1690 nulloque
1089 1615 1176 1673 certo

17 1767 18 1772 ,
87 1710 222 1795 consilio,
244 1731 332 1796 quae
353 1713 558 1796 possessione
581 1711 698 1777 iniuria
721 1715 877 1794 55555515
899 1709 1029 1774 taudem
1053 1711 1177 1796 expulit

85 1811 289 1880 Wakefieldus
307 1863 314 1877 .
335 1815 472 1881 triennio
494 1822 568 1901 post
591 1816 711 1900 primas
741 1812 889 1878 Lambini
920 1831 1013 1878 curas
1041 1811 1177 1879 Obertus

17 1953 18 1958 1
86 1917 224 1999 ds'foaias
245 1917 388 2003 prodiit,
418 1919 526 1984 iudice
552 1937 610 1984 seu
636 1915 870 1998 maloniensis,
898 1915 981 1980 libro
1009 1915 1073 1980 illis
1101 1922 1177 1982 tem-

85 2019 200 2103 poribus
215 2021 411 2104 utilissimo,
428 2021 545 2087 clarior
561 2021 663 2086 iactus
674 2037 770 2102 quam
783 2016 1028 2099 emendatiouo;
1044 2019 1098 2102 qui
1114 2038 1177 2101 quo

86 2123 142 2188 iure
166 2131 223 2189 aut
244 2122 436 2188 Lambiuum
465 2123 630 2189 55151155
657 2121 850 2207 compilasse
877 2120 981 2188 dictus
1008 2127 1179 2187 55551555

86 2227 238 2307 quaesivi:
263 2245 305 2291 ex
329 2225 471 2292 editione
493 2227 614 2309 altera,
639 2243 723 2308 quae
746 2223 832 2290 facta
854 2231 903 2291 est
917 2225 1067 2309 Lugduni
1085 2225 1179 2290 Bata-

84 2349 180 2394 uorum
203 2347 292 2394 auno
311 2328 412 2406 1595,
433 2349 497 2394 555
521 2329 603 2395 adeo
619 2329 720 2394 multa
734 2334 843 2413 petere
859 2327 969 2412 potui,
991 2348 1075 2412 quae
1094 2328 1178 2412 prio-

85 2451 124 2496 res
144 2433 203 2498 visi
228 2437 340 2497 esseut
362 2433 566 2514 neglexisse.
583 2451 687 2515 neque
710 2430 788 2496 mihi
807 2431 908 2495 multo
930 2432 1102 2516 aut-,plura
1124 2437 1179 2496 aut

86 2535 283 2616 exquisitiora
295 2533 443 2619 praebuit
454 2533 614 2617 Tanaquil
625 2535 746 2616 Faber,
762 2531 1002 2617 1555555155,
1019 2533 1076 2600 sed
1093 2533 1179 2599 idem

86 2640 281 2720 temerarius,
298 2637 352 2720 qui
368 2637 549 2704 Lucretium
573 2637 675 2703 edidit
689 2635 840 2701 Salmurii
863 2655 948 2702 5555
974 2638 1075 2703 1662.
1096 2637 1179 2702 5155·

86 2737 144 2804 dem
171 2741 251 2805 anui
279 2757 388 2805 meuse
417 2741 568 2806 Ianuario
591 2738 771 2805 Richardus
798 2739 962 2804 1155115155
988 2745 1082 2806 55155
1110 2745 1178 2822 551,

18 2925 19 2930 ¹
86 2859 164 2920 quem
186 2861 276 2907 anuo
303 2841 384 2908 1689
411 2842 571 2908 adfinem
595 2849 748 2926 vergente
771 2840 889 2907 Oxouii
912 2841 1093 2908 Lucretium
1116 2848 1179 2908 stu-

18 2947 20 2958 ’
86 2941 163 3010 11555
188 2945 313 3028 legisse
337 2944 486 3010 Moulrius
510 2944 744 3011 demonstrarit
766 2944 798 3008 15
821 2944 889 3010 rita
911 2944 1047 3010 Bentleii
1069 2966 1101 3030 p.
1120 2945 1179 3010 16:

86 3063 173 3128 eoque
194 3055 362 3132 tempore,
387 3047 446 3112 hoc
470 3053 518 3113 est
539 3053 615 3112 aute
636 3047 757 3113 editam
779 3047 962 3114 aun01691
986 3046 1028 3112 ad
1045 3047 1179 3112 Millium

86 3149 266 3234 epistulam,
287 3150 408 3235 scripta
435 3169 507 3217 5555
532 3169 572 3216 55
597 3169 682 3234 5555
705 3149 926 3233 Glasgueuses
952 3158 1038 3215 tomo
1066 3154 1179 3233 quarto

86 3253 201 3334 paginis
223 3273 299 3316 uxrv
321 3251 478 3337 5551402
504 3249 694 3336 ediderunt,
723 3251 960 3318 Wakefieldum
984 3251 1180 3318 5111155515-

86 3351 160 3419 dium
183 3375 249 3420 uou
272 3356 423 3439 ignorare
445 3375 505 3440 par
527 3353 609 3422 suit.
626 3373 700 3420 uam
716 3353 893 3439 Forbigero
909 3355 1060 3421 iniuriam
1083 3353 1182 3419 saciat

86 3459 130 3537 qui
157 3479 229 3524 eum
259 3459 311 3525 vel
339 3459 505 3524 minimam
527 3477 593 3523 rem
617 3477 675 3542 per
696 3477 732 3524 se
755 3457 944 3540 intellegere
966 3457 1125 3541 postulet:
1149 3463 1182 3523 et

86 3557 213 3628 babebat
234 3561 284 3627 eui
308 3561 472 3644 crederet,
488 3561 657 3644 Birgerum
679 3559 905 3644 Thorlacium,
929 3561 982 3645 qui
998 3561 1181 3626 Lucretium

85 3659 126 3726 ‘er
147 3665 335 3731 recensione
351 3661 778 3730 Bentleio-Walrefieldiaua’
801 3662 922 3730 editum
945 3663 1079 3730 ridicule
1102 3683 1181 3748 prae

85 3768 256 3834 retulisset
278 3767 427 3833 Hauniae
449 3787 535 3834 anuo
560 3767 666 3832 1813.
687 3765 745 3832 sed
768 3766 801 3831 iu
823 3767 1019 3834 iuvenilibus
1042 3765 1180 3831 Bentleii

86 3867 318 3938 schediasmatis
333 3871 494 3957 permulta
508 3875 581 3935 suut
601 3888 725 3934 summo
749 3874 781 3934 51
802 3869 945 3954 perfecto
968 3868 1089 3935 artifice
1111 3867 1181 3952 dig-

86 3971 226 4057 uissima3
250 3994 386 4058 quorum
408 3979 531 4058 partem
554 3971 679 4038 videtur
701 3990 772 4036 cum
791 3971 916 4036 Thomu
931 3971 1076 4038 05555115
1099 3991 1181 4036 com-

87 4075 255 4144 municasse
281 4083 347 4143 tum
374 4077 408 4142 in
436 4075 549 4141 eadem
573 4073 748 4140 Oxoniousi
776 4074 985 4140 universitate
1009 4073 1181 4140 editionum

21 4213 22 4224 1
87 4185 228 4264 parante,
245 4199 328 4264 quae
351 4179 384 4245 iu
399 4179 501 4244 lucem
521 4176 642 4262 prodiit
661 4195 746 4241 anuo
765 4176 866 4260 1695,
883 4177 1021 4262 repetita
1035 4183 1084 4243 est
1099 4177 1182 4242 Lou-

89 4274 147 4342 diui
165 4280 241 4346 lili
257 4302 264 4344 :
285 4280 383 4346 habet
398 4280 483 4346 onim
499 4279 693 4345 Bentleiana
709 4279 874 4364 complura
890 4279 1082 4362 Oreechius,
1099 4297 1182 4362 quac

90 4377 263 4464 simpliciter
278 4381 433 4448 adscribit
447 4383 542 4456 51115,
560 4381 683 4448 55111551
698 4401 739 4446 55
753 4381 881 4448 iuvenis
897 4383 1013 4448 artium
1036 4381 1182 4464 magistri

91 4479 209 4566 eiusque
230 4485 509 4568 cantabrigiensis
536 4505 652 4551 nomen
675 4483 796 4550 diceret
818 4533 824 4548 .
845 4485 914 4570 1555
937 4483 1065 4568 quidem
1090 4483 1181 4548 Gree-

91 4579 170 4650 shius
190 4589 287 4654 multa
310 4589 426 4652 rectius
450 4587 675 4672 interpretatus
693 4593 741 4653 cst
756 4607 851 4670 quam
868 4587 1015 4671 scripsit,
1032 4587 1064 4648 iu
1080 4583 1183 4669 philo-
