3096 5142
315 366 380 432 280
845 357 889 424 IV

316 541 470 618 uterque,
486 538 646 599 corrector
658 529 790 614 oblongi
798 529 975 616 petraqet
988 545 1099 593 verum
1114 526 1259 592 ordrnem
1270 544 1409 592 versuum

316 636 476 704 Marullus
498 634 690 701 monstravit
713 638 745 697 et
766 631 818 696 hic
841 637 873 696 et
893 630 991 716 paulo
1012 635 1106 715 post,
1123 629 1207 694 261.

401 731 929 806 253.snvorsv1orcrua.lta
955 730 1238 816 quadratusreins
1264 738 1413 798 corrector

316 837 689 924 sonora.boc'1psum
709 837 873 920 ¹oblongus
894 833 1012 920 babet,
1028 834 1087 901 sed
1113 839 1179 900 tres
1200 835 1319 921 primas
1338 835 1413 902 litte-

316 962 371 1010 ras
393 962 491 1009 mann
512 941 675 1008 Saxoniea
697 939 731 1004 in
753 939 870 1004 litura.

189 1033 195 1042 ’
402 1045 475 1111 261.
498 1027 570 1108 rori
595 1061 739 1108 rarusu
766 1039 1082 1112 ousucon.ltecte
1108 1039 1259 1106 Giiauins
1286 1038 1355 1126 (scd
1379 1037 1417 1104 de
1525 1103 1526 1118 ,

316 1161 417 1214 vetem
443 1145 548 1212 codice
573 1146 643 1232 ipse
671 1142 803 1226 viderit)
829 1163 993 1209 rarvau.
1011 1142 1073 1210 boc
1100 1143 1184 1209 enim
1211 1143 1340 1228 agitur,
1358 1143 1416 1208 sio·

317 1250 398 1339 qula
413 1249 496 1316 258.

403 1351 477 1418 262.
501 1351 574 1418 Sao
596 1371 709 1415 maore
731 1367 928 1414 ononsurr.
945 1348 1021 1414 Pius
1037 1347 1128 1416 ‘Sunt
1142 1348 1197 1432 qui
1212 1348 1355 1414 scribunt
1367 1373 1419 1414 oc·
1526 1415 1527 1422 ,

317 1478 441 1521 versam
462 1473 522 1538 pro
548 1451 760 1519 universum.¹
778 1451 865 1517 idem
888 1451 1109 1517 Pacuvianum
1136 1473 1231 1517 onore
1259 1451 1365 1518 attulit
1384 1471 1419 1516 ex
1526 1491 1527 1496 κ

317 1556 425 1622 Nonio
440 1577 471 1640 p.
487 1555 557 1639 183,
571 1555 632 1621 20.
649 1555 730 1620 haec
741 1551 963 1619 Wakefieldns
978 1577 1149 1620 ancorum
1161 1559 1194 1620 et
1206 1577 1341 1620 anemos
1351 1551 1420 1620 seri-

320 1657 427 1724 benda
448 1656 622 1741 iudicavit,
638 1657 694 1740 qui
718 1655 857 1722 debebat
876 1654 999 1722 addere
1021 1655 1056 1721 in
1071 1662 1202 1722 senatus
1224 1658 1370 1723 consulto
1384 1655 1420 1721 de

318 1759 575 1829 Bacchanalibus
591 1758 676 1824 laeto
699 1777 827 1824 revera
849 1757 896 1822 ita
913 1758 1068 1844 scriptum
1091 1777 1162 1824 esse
1184 1759 1324 1824 domabas
1332 1757 1420 1844 ploro
1527 1754 1528 1766 ’

318 1885 339 1926 v
354 1863 514 1929 oincorscs‘
522 1910 530 1926 .
547 1881 586 1927 ex
603 1879 667 1945 quo
689 1859 833 1944 intellegi
849 1865 957 1944 potest
971 1879 1069 1944 quam
1083 1860 1191 1946 inepte
1212 1868 1345 1947 propter
1358 1881 1420 1926 ver-

318 1985 389 2032 sum
404 1967 421 2031 ι’
432 1962 554 2031 vocalis
577 1963 694 2029 extrita
720 1981 792 2028 esse
822 1967 1000 2046 statuatur,
1017 1982 1088 2028 oum
1114 1962 1147 2026 in
1171 1963 1317 2030 comm
1342 1971 1373 2030 et
1391 1963 1420 2027 in

318 2067 402 2134 υηᾶο
423 2069 578 2153 octopcirto
594 2085 687 2132 nemo
710 2084 861 2149 umquam
876 2083 948 2130 eam
963 2065 1103 2131 litteram
1120 2065 1275 2150 scriptam
1291 2065 1419 2148 viderit,

319 2177 352 2236 et
365 2171 560 2235 eudociados
571 2174 668 2252 atque
683 2167 836 2234 occentus
851 2167 1095 2252 antiquissimos
1107 2174 1256 2234 auctores
1272 2169 1420 2252 habeant,
1528 2160 1529 2212 ἶ

317 2274 394 2338 item
417 2259 589 2337 occasuros
603 2270 682 2338 satis
698 2271 869 2354 antiquos.
886 2289 1081 2354 quamquam
1095 2290 1160 2336 non
1179 2291 1266 2354 nego
1283 2271 1421 2356 Plantam

319 2393 446 2459 semper
467 2375 636 2439 univorsos
659 2379 810 2458 quattuor
826 2372 962 2459 syllabis
978 2372 1121 2458 dixisse,
1137 2393 1243 2458 neque
1260 2373 1421 2442 Claudium

326 2475 517 2542 Unimanum
528 2476 784 2559 ignoro,neque
795 2476 964 2563 ons’penom
976 2475 1226 2543 (latulli.nihilo
1238 2479 1346 2544 minus
1356 2495 1421 2542 eum

298 2629 302 2642 .
319 2577 445 2644 duobus
467 2578 591 2644 saeculi
608 2577 649 2644 ab
665 2577 745 2645 urbe
760 2575 891 2644 condita
905 2577 1031 2664 septimi
1053 2578 1265 2665 scriptoribus
1279 2599 1422 2644 armum

319 2685 351 2745 et
371 2702 486 2744 owse
495 2727 505 2762 ,
520 2681 573 2745 vel
587 2679 674 2764 quod
690 2679 776 2746 idem
791 2685 841 2746 est
859 2703 976 2761 onore,
991 2679 1087 2746 tribui
1097 2679 1255 2766 rideam,
1271 2682 1357 2747 malo
1371 2699 1422 2745 eos
1529 2707 1530 2720 2

318 2782 369 2847 ita.
386 2780 508 2848 dixisse
530 2783 681 2867 credere,
698 2807 716 2849 o
738 2782 894 2868 producto
917 2787 953 2846 nt
967 2781 1002 2847 in
1012 2795 1162 2869 prorsam
1185 2783 1332 2850 deormm
1346 2805 1422 2848 reor·

317 2905 407 2968 uon,
423 2904 519 2968 quam
541 2884 662 2951 formas
684 2885 749 2950 illis
766 2882 1066 2952 fortasse'duriorcs
1084 2887 1173 2962 viem
1188 2885 1330 2952 inferre.
1346 2889 1421 2950 cete

284 3037 289 3046 .
317 3007 388 3053 rum
411 2993 571 3054 corrector
592 2986 743 3072 quadrati
762 2987 826 3053 iam
843 2985 1018 3072 adscripsit
1039 2989 1090 3054 oct
1103 3011 1297 3053 occasum.-
1312 2987 1422 3053 llsrul·

316 3090 368 3157 lus
390 3093 583 3174 introrsum,
599 3089 758 3156 Aventius
781 3091 962 3173 incusam,
978 3089 1154 3156 Lambinus
1175 3113 1366 3157 scommata.

402 3193 475 3260 267.
498 3213 582 3256 rrsa
600 3193 811 3260 Dosrrrnu.
828 3191 1011 3271 Quadratus
1031 3193 1196 3258 Dnrr'cr'em
1218 3198 1252 3257 et
1273 3191 1338 3258 294
1351 3191 1422 3257 Plo

316 3297 449 3364 m'or'cm.
467 3293 536 3362 eius
559 3301 720 3362 corrector
742 3301 774 3362 et
796 3294 895 3361 ceteri
916 3315 1046 3360 rrsau.

406 3399 479 3466 270.
502 3415 659 3461 scurrus
681 3417 830 3460 annona
853 3395 1237 3476 murmurabatur
1258 3409 1422 3465 ramnrcta.

317 3500 377 3566 sed
400 3519 496 3566 versu
518 3499 580 3566 288
602 3505 770 3584 utromque
785 3500 950 3586 exemplar
972 3519 1138 3585 sruorr,
1155 3497 1318 3585 quomodo
1340 3504 1421 3569 recte

317 3594 373 3667 bic⁴
384 3621 513 3690 quoque
529 3603 660 3688 scripsit
674 3603 829 3668 Marullus
843 3651 851 3668 .
867 3603 967 3688 idque
979 3623 1021 3669 eo
1037 3602 1143 3685 magis
1159 3601 1343 3668 faciendum
1357 3607 1420 3683 est,

316 3705 404 3788 quod
425 3724 540 3772 versus
561 3705 602 3771 ab
625 3705 685 3770 hoe
708 3705 900 3772 vicensimas
923 3705 986 3772 buo
1008 3705 1129 3773 retrahi
1151 3704 1267 3790 debet,

253 3873 259 3886 ,
403 3807 475 3874 290.
499 3809 601 3872 Innrs
623 3829 696 3880 oon
717 3829 892 3874 nannour
912 3827 1163 3873 srncunonuar
1183 3827 1230 3871 nx
1251 3826 1419 3880 auouonr

316 3931 450 3994 ursum,
466 3909 521 3992 qui
548 3911 615 3976 illie
641 3911 833 3977 sententiam
860 3911 906 3977 ita
931 3911 1106 3997 pervertit,
1122 3916 1158 3975 ut
1184 3909 1418 3991 Wakefieldus,

316 4013 369 4096 qui
392 4031 465 4078 eum
478 4011 566 4078 solus
582 4013 976 4099 interpretarijaggrorsus
995 4021 1045 4080 est
1058 4063 1066 4097 ,
1081 4011 1168 4078 nihil·
1184 4013 1246 4078 nisi
1269 4012 1356 4098 qnod
1377 4012 1419 4075 in·

316 4115 456 4182 sanienti
485 4117 670 4184 conveniret
698 4115 826 4183 efficere
852 4117 1011 4202 potuerit.
1032 4115 1115 4196 ‘Qua
1142 4135 1177 4183 re
1204 4117 1300 4183 etiam
1329 4121 1419 4198 atque

315 4217 412 4283 etiam
434 4215 565 4283 minime
580 4223 629 4284 est
643 4237 702 4304 par
717 4218 782 4284 illis
796 4218 944 4284 mirarier
958 4217 1049 4306 (ea),
1066 4237 1151 4304 quae
1165 4219 1305 4285 reddunt
1319 4217 1417 4283 visum

315 4339 519 4402 ex.aequore
549 4319 752 4405 speculorum
775 4321 860 4388 binis
888 4321 1039 4387 attribuo:
1062 4321 1083 4385 i.
1107 4340 1135 4387 e.
1162 4321 1214 4387 Illi
1235 4319 1351 4403 igitur,
1366 4315 1416 4402 qui

314 4421 560 4507 phaenomenon
583 4423 737 4506 imaginis
754 4423 786 4489 in
802 4424 933 4510 speculo
954 4443 1012 4510 per
1026 4421 1166 4489 medium
1188 4421 1324 4508 duplicis
1338 4417 1416 4484 atris

314 4524 497 4610 explicant,
513 4525 647 4590 minime
659 4525 768 4592 mirari
782 4525 901 4592 debent
912 4527 1055 4593 rationes
1067 4531 1213 4609 nostras,
1229 4543 1312 4610 quae
1323 4517 1413 4588 simili
