3020 5146
534 449 592 514 ΗΠ
1060 457 1120 524 149

36 641 141 703 umque
163 639 269 686 omnes
290 620 478 705 plerumque
501 620 616 685 cadunt
638 619 671 684 in
695 620 829 697 vulnus,
847 629 877 687 et
899 623 986 688 illam

36 735 118 801 micat
138 737 168 799 in
188 741 311 820 partem
334 735 485 820 sanguis,
502 735 587 800 unde
610 735 721 800 icimur
743 737 827 812 ictu,

36 855 49 912 t
66 849 89 914 si
108 851 276 915 comminus
300 855 369 927 est,
386 850 509 916 hostem
530 849 625 915 ruber
648 857 782 935 occupat
804 873 915 918 umor.

36 965 60 1028 ic
80 964 164 1045 igitur
187 963 321 1030 Veneris
344 965 396 1048 qui
419 964 493 1030 telis
516 964 632 1048 accipit
653 965 754 1049 ictus,

36 1078 78 1142 rire
97 1097 166 1160 puer
187 1079 339 1144 membris
361 1079 570 1144 muliebribus
593 1077 677 1144 hunc
698 1079 854 1146 iaculatur

36 1211 69 1254 cu
86 1193 185 1256 mulier
205 1199 271 1258 toto
295 1193 420 1258 iactans
442 1213 460 1260 e
483 1211 615 1277 corpure
639 1213 800 1280 amorem,

36 1305 91 1369 inde
111 1305 231 1383 feritur,
248 1327 288 1372 eo
313 1307 434 1390 tendit,
451 1309 610 1390 gestitque
632 1308 718 1373 coire

36 1425 50 1482 t
65 1421 153 1485 iecere
173 1441 318 1488 umorem
342 1421 373 1485 in
397 1441 511 1505 corpus
534 1423 575 1488 de
598 1442 731 1506 corpore
754 1422 902 1488 ductum:

36 1553 133 1614 unque
153 1535 352 1619 voluptatem
374 1537 541 1620 praesagit
563 1541 652 1602 mute
674 1535 811 1620 cupido.

54 1649 124 1713 licre
143 1651 246 1718 Venus
270 1657 321 1716 est
343 1651 456 1716 nobis:
473 1653 545 1718 hinc
568 1656 706 1716 autemst
729 1671 854 1716 momen
877 1654 1015 1733 amoris,

36 1763 81 1826 rinc
100 1764 202 1830 illaec.
218 1767 358 1849 primum
382 1764 516 1831 Veneris
537 1765 716 1830 dulcedinis
737 1765 769 1830 in
793 1785 848 1831 cor

36 1876 129 1941 titiavit
147 1887 254 1960 gutte,
271 1887 305 1946 et
328 1881 481 1948 successit
503 1879 618 1962 frigida
641 1900 737 1946 curu:

36 2007 81 2052 ran
99 1993 121 2055 si
141 1994 227 2060 abest
251 1994 342 2078 quod
363 2013 461 2079 ares,
478 2001 583 2078 presio
607 1994 778 2060 simulacre
800 2001 907 2061 tamen
931 2003 1004 2062 sunt

36 2101 88 2168 liius
106 2113 133 2170 et
152 2129 267 2175 nomen
291 2109 385 2176 dulce
409 2110 595 2174 obversatur
616 2107 659 2172 cd
682 2110 786 2174 auris.

36 2215 73 2278 sei
86 2219 206 2303 fugitare
229 2225 326 2290 decet
348 2223 518 2289 simulacra
541 2230 572 2289 et
594 2224 714 2308 pabula
737 2224 856 2290 emeris

36 2329 167 2402 absterrere
188 2339 252 2406 sibi
276 2347 376 2420 atque
399 2339 465 2404 alic
489 2345 672 2404 convertere
694 2346 831 2406 mentem

37 2451 58 2505 et
74 2445 150 2516 iacere
171 2473 318 2520 umorem
341 2453 516 2519 conlectum
541 2454 574 2518 in
597 2473 732 2538 corpore
755 2473 920 2539 quaeque,

36 2575 72 2622 rec
88 2565 226 2648 retinere,
244 2567 346 2634 semei
369 2587 556 2634 conversum
579 2569 673 2635 unius
695 2589 824 2655 amore,

36 2679 52 2734 tt
68 2695 173 2746 serrare
195 2683 257 2748 sibi
282 2702 393 2748 eurem
416 2688 599 2766 certumque
623 2682 786 2749 dolorem:

36 2785 94 2856 ricus
112 2795 186 2860 enim
208 2797 346 2864 vivescit
368 2803 400 2862 et
422 2797 626 2864 inveterascit
648 2797 785 2875 alendo,

36 2921 95 2983 uque
115 2907 177 2976 dies
197 2911 309 2995 gliscit
329 2911 417 2977 furor
438 2919 534 2996 atque
558 2933 690 2978 erumna
713 2915 890 3000 gravescit,

36 3017 110 3085 incn
128 3025 229 3107 prima
250 3027 347 3092 novis
369 3028 538 3093 conturbes
561 3028 691 3092 volnera
713 3029 818 3112 plagis

36 3132 223 3225 'ulgivagaque
245 3162 351 3228 vagus
374 3142 498 3206 Venere
521 3148 595 3207 ante
618 3143 760 3208 recentia
784 3163 874 3210 cures

36 3253 64 3308 ut
80 3251 134 3316 alic
155 3258 260 3338 possis
286 3257 384 3322 animi
407 3257 577 3323 traducere
600 3263 723 3322 motus.

51 3357 104 3428 Nec
123 3368 252 3438 Veneris
277 3371 380 3437 fructu
403 3378 491 3438 caret
511 3372 539 3438 is
565 3372 618 3454 qui
641 3372 720 3438 vitet
741 3391 903 3458 amorem,

36 3473 174 3559 unsrun
197 3505 283 3569 quse
306 3493 378 3552 sunt
400 3487 468 3552 sine
490 3506 596 3571 poena
618 3463 786 3554 commode
808 3487 922 3553 sumit:

36 3609 77 3656 un
95 3605 169 3664 certe
191 3607 305 3684 purast
326 3601 415 3667 sanis
437 3603 540 3688 magis
563 3602 637 3669 iude
659 3603 807 3686 voluptas

36 3723 93 3782 {uum
112 3713 251 3780 miseris.
267 3716 386 3781 etenim
409 3717 554 3802 potiundi
575 3723 719 3803 tempore
741 3719 773 3783 in
797 3717 866 3802 ipro

36 3813 124 3889 turm
144 3827 271 3896 incertis
295 3830 455 3896 erroribus
479 3831 576 3898 ardor
598 3837 780 3916 amantum,

36 3949 66 3996 uc
83 3949 197 4010 conset
219 3945 297 4029 quid
320 3945 454 4029 primum
479 3947 580 4014 oeulis
602 3947 811 4032 manibusque
833 3946 997 4014 fruantur.

36 4049 86 4122 itud
105 4059 239 4148 petiere,
256 4068 403 4146 premunt
425 4069 514 4150 crte,
531 4063 715 4148 faciuntque
738 4062 881 4130 dolorem

36 4213 189 4238 κ

36 4318 76 4416 uu
91 4341 173 4384 nomen
189 4327 206 4404 Η
228 4335 294 4384 rese
312 4274 360 4386 rim
375 4331 389 4406 Η
411 4337 476 4388 1061
497 4333 586 4388 samu
605 4334 618 4406 Η
638 4351 706 4387 ames
724 4332 740 4406 Η
760 4337 827 4388 10⁶⁵
846 4335 989 4390 coniectum
1009 4331 1023 4404 ΙΙ
1043 4335 1111 4386 ¹⁰⁶⁸

36 4421 85 4462 uus
