2996 5148
341 489 401 554 196
885 483 913 547 V

336 654 466 737 nubila,
484 653 552 736 sol,
568 652 705 736 imbres,
723 653 796 738 nix,
815 654 919 728 venti,
936 651 1091 736 fulmina,
1110 654 1235 737 grando
1251 705 1258 726 .

336 777 367 834 et
388 767 490 852 rapidi
514 766 678 853 fremitus,
696 773 728 834 et
750 787 911 832 murmura
934 788 1054 850 magne
1075 769 1257 833 minarum.

375 885 402 948 ll
424 903 525 968 genus
547 881 661 948 infelix
683 882 878 966 humanum,
894 882 975 948 talia
998 883 1080 948 divis

255 1019 409 1068 1195111111
432 997 542 1062 tn'buit
564 997 650 1064 laeta
671 1007 767 1080 atque
790 999 856 1062 iras
879 997 1027 1062 adiunxit
1049 998 1203 1063 acerbas!

337 1119 473 1196 quantos
495 1117 560 1176 tum
585 1115 720 1196 gemitus
743 1113 804 1197 ipsi
828 1113 909 1196 sibi,
927 1121 1114 1196 quantaque
1135 1113 1230 1177 nobis

334 1229 484 1312 volnera,
501 1248 582 1310 quas
604 1197 754 1294 lacrimas
776 1247 930 1312 peperere
953 1229 1119 1294 minoribn’
1141 1230 1285 1296 nostris!

298 1413 302 1422 ,
337 1363 397 1409 nec
419 1342 524 1428 pietas
547 1344 644 1408 ullest
665 1344 805 1410 velatum
828 1362 928 1427 saepe
950 1341 1050 1408 rideri

337 1459 453 1524 vertier
475 1457 517 1522 ad
541 1458 683 1543 lapidem
706 1465 803 1541 atque
827 1459 930 1523 omnis
953 1457 1109 1524 accedere
1132 1459 1172 1522 ad
1196 1479 1298 1544 aras,

254 1594 320 1642 1200
336 1593 395 1639 nec
415 1575 624 1658 procumbere
646 1573 731 1638 humi
756 1581 948 1658 prostratum
971 1581 1003 1640 et
1025 1575 1166 1659 pandere
1190 1575 1329 1660 palmas

338 1695 413 1755 ante
435 1689 530 1753 deum
553 1690 706 1766 delubra,
724 1709 782 1754 nec
805 1711 879 1754 aras
900 1690 1055 1772 sanguine
1079 1692 1176 1754 multo

336 1823 490 1890 spargere
512 1803 777 1888 quadrupedum,
793 1825 854 1870 nec
876 1806 959 1872 votis
981 1811 1109 1870 nectere
1132 1811 1227 1888 vota,

337 1920 393 1986 sed
418 1940 511 2002 mage
535 1927 650 2004 pacata
673 1939 769 2005 posse
792 1921 900 1985 omnia
923 1927 1028 1986 mente
1050 1921 1152 1985 tueri.

335 2057 408 2100 nam
433 2055 504 2100 cum
527 2035 717 2118 suspicimus
740 2035 850 2116 magui
873 2034 1030 2100 caelestia
1054 2035 1162 2099 mundi

254 2172 319 2218 runo
335 2151 475 2235 templa,
492 2171 588 2234 super
611 2151 776 2232 stellisque
798 2150 987 2216 micantibus
1009 2151 1141 2217 aethera
1163 2149 1285 2235 lixum,

338 2273 368 2330 et
390 2267 478 2332 venit
500 2265 532 2329 in
557 2273 694 2330 mentem
718 2265 795 2330 solis
818 2265 977 2348 lunaeque
1001 2267 1143 2350 vinrum,

334 2387 409 2446 tune
431 2380 504 2444 aliis
527 2400 683 2465 oppresse
704 2382 796 2446 malis
819 2383 851 2444 in
874 2387 1004 2466 pectora
1026 2399 1102 2444 eura

336 2495 393 2560 illa
415 2515 541 2578 quoque
565 2495 823 2580 expergefactum
847 2503 942 2580 caput
965 2495 1089 2577 erigere
1110 2493 1198 2578 iniit,

335 2627 376 2674 ne
399 2629 482 2692 qnae
504 2609 587 2676 sorte
610 2611 705 2676 deum
728 2611 821 2676 nobis
843 2612 989 2675 inmensa
1011 2615 1156 2694 potestas

254 2745 319 2791 1111
336 2725 396 2808 sit,
412 2725 500 2788 reric
523 2735 609 2792 motu
633 2747 716 2810 quac
740 2724 880 2792 eandida
902 2725 1009 2792 sidera
1031 2731 1154 2790 verset:

334 2845 467 2924 temptat
490 2841 573 2906 enim
597 2839 726 2905 dubiam
751 2849 888 2906 mentem
911 2839 1043 2905 rationis
1066 2845 1218 2922 egestus,

336 2973 456 3038 ecquae
479 2973 552 3020 nam
578 2954 674 3019 luerit
696 2955 808 3020 rnundi
831 2955 982 3037 genitalis
1005 2955 1114 3038 origo,

335 3077 366 3134 et
387 3070 480 3135 simul
504 3087 625 3152 ecquae
648 3069 688 3134 sit
710 3069 803 3154 linis,
821 3091 883 3154 quo
907 3068 951 3135 ad
974 3071 1101 3136 moenis
1125 3069 1236 3135 mundi

333 3185 461 3250 solliciti
483 3190 586 3250 motus
609 3181 692 3248 hunc
715 3186 838 3268 possint
861 3185 945 3250 ferre
966 3186 1133 3261 laborem,

253 3319 377 3366 1115111
400 3299 552 3364 divinitus
576 3307 709 3364 aeterua
731 3299 851 3364 donata
873 3301 979 3367 salute

334 3419 489 3497 perpetuo
512 3415 635 3498 possint
659 3415 730 3478 aevi
755 3416 898 3480 labentia
919 3423 1021 3480 tractu

333 3528 466 3592 inmensi
490 3529 614 3594 relidas
637 3531 709 3595 aevi
733 3538 936 3596 contemnere
959 3531 1056 3594 viris.

282 3669 287 3680 ·
333 3651 500 3730 praeterea
523 3645 571 3708 oui
596 3665 658 3710 uon
682 3646 806 3710 animus
831 3646 999 3711 l'onnidine
1022 3645 1129 3711 dirum

224 3841 228 3848 Ι
334 3759 547 3838 contrahitur,
564 3760 614 3826 cui
638 3781 702 3826 non
724 3767 895 3846 correpunt
919 3763 1062 3828 membra
1085 3781 1224 3847 parcre,

252 3894 318 3940 rann
334 3873 477 3939 fulminis
500 3875 641 3940 horribili
666 3897 736 3940 cum
759 3877 856 3960 plaga
879 3877 1002 3942 torrida
1023 3877 1119 3944 tellus

334 3989 499 4054 contremit
521 3999 552 4055 et
575 4011 723 4074 magnum
747 3997 935 4075 percurrunt
957 4011 1119 4056 murmura
1142 3993 1301 4059 ceolum?

334 4123 398 4168 non
421 4106 533 4190 populi
555 4113 734 4189 gentesque
757 4115 915 4192 tremunt,
934 4127 1092 4192 regesque
1114 4109 1246 4192 superbi

339 4379 404 4426 1192
425 4378 530 4429 flumina
549 4377 563 4448 ΙΙ
586 4385 651 4430 rtnu
665 4383 718 4431 ulls
736 4383 870 4432 relaturust
890 4381 902 4448 lt
927 4385 991 4432 1203
1011 4383 1112 4447 placata
1133 4377 1146 4450 Η
1169 4385 1237 4434 1208
1257 4389 1347 4454 eriget
1369 4391 1383 4459 Η
1406 4395 1465 4438 1111

338 4465 369 4513 Et
387 4466 457 4516 teciti
478 4463 492 4534 Η
516 4471 582 4516 1220
603 4469 712 4518 Fulmini
736 4467 749 4536 Η
773 4473 834 4519 1221
857 4487 985 4520 murmure
