3096 5142
673 368 701 434 V
1178 374 1241 442 305

129 563 202 604 ram
223 540 383 627 carpentis
393 589 403 622 ‚
419 563 500 628 quac
518 540 640 627 partim
661 553 799 644 coatepto
813 544 937 628 partim
958 544 1097 610 revelem
1109 545 1244 632 frustra

129 641 310 708 mosoma
331 641 535 708 trudebantur
561 643 757 728 oooooqois,
773 643 826 727 qui
856 649 903 710 tot
929 645 1070 712 eiusdem
1097 647 1186 714 vocis
1212 667 1243 712 a·
1301 711 1304 718 .

129 742 263 829 xomplo
284 742 555 826 consideraverit,
571 745 748 811 norissima
763 752 918 832 carpenta
936 747 1063 815 illorum
1079 750 1243 816 decorato-

128 866 200 912 rum
223 839 403 932 con'secna,
423 846 485 913 boc
506 851 556 913 est
585 845 644 912 illa
669 846 822 916 decorata
847 855 922 916 ante
944 851 1122 918 novissima
1142 851 1244 918 luisse

130 948 319 1032 intelleget.
340 949 421 1015 baec
442 954 549 1016 autem
571 950 735 1017 adiectiva
756 957 788 1018 et
808 951 965 1018 adverbia
987 973 1008 1018 a
1029 954 1123 1022 bonis
1145 941 1244 1040 scrip-

128 1051 255 1118 toribus
277 1051 414 1138 syllabis
437 1053 552 1119 divisis
574 1052 703 1140 prolata
728 1073 801 1120 esse
828 1059 895 1120 tum
917 1056 991 1140 ipsa
1011 1058 1126 1140 regula
1147 1077 1244 1142 expo·

127 1156 193 1222 sita
208 1174 248 1220 ac
263 1154 401 1222 fortasse
415 1155 559 1222 nondum
572 1157 652 1222 satis
663 1161 749 1222 recte
760 1156 1000 1242 circumscripta
1011 1157 1243 1226 demonstravi.

128 1259 237 1326 omnis
252 1261 358 1324 autem
374 1257 469 1326 buius
485 1257 722 1326 observationis
740 1259 845 1345 prima
859 1260 1000 1326 stamina
1010 1253 1094 1328 'sunt
1109 1262 1143 1328 in
1165 1281 1243 1346 qua·

127 1361 207 1428 dam
221 1360 360 1428 Bentleii
383 1360 621 1446 disputatione,
638 1381 735 1445 quam
751 1359 889 1427 Phaedri
908 1362 990 1428 libro
1012 1365 1115 1448 primo
1132 1364 1165 1428 in
1180 1363 1244 1430 fine

126 1464 315 1552 appositam
337 1461 559 1531 Wakefieldus
586 1469 618 1530 et
639 1461 796 1547 llorbiger
822 1484 995 1550 numquam
1022 1466 1143 1548 legisse
1169 1485 1244 1550 eog-

127 1572 412 1652 nosonntur,cum
434 1567 468 1634 in
490 1567 574 1634 libro
597 1567 690 1633 tertio
705 1565 845 1632 Lucretii
861 1567 924 1634 648
947 1568 1016 1634 sine
1038 1568 1106 1634 ulla
1120 1566 1244 1634 dubita.

125 1671 217 1737 tione
240 1676 453 1736 commentum
476 1669 630 1736 Italorum
658 1670 692 1735 in
721 1669 831 1734 omnia
856 1670 1055 1756 exemplaria
1081 1671 1168 1756 typis
1190 1692 1242 1738 ex-

126 1766 246 1860 pressa
259 1771 383 1838 illatum
398 1773 557 1860 probant,
573 1771 719 1858 quamvis
735 1771 899 1839 Bentleius
918 1797 988 1839 oum
1002 1773 1244 1858 praepositione

126 1876 259 1946 abiecta
279 1873 451 1958 legendum
474 1873 636 1942 docuisset
652 1875 789 1962 Corpore
810 1875 932 1962 oelipr'to
943 1923 952 1956 ,
968 1874 1056 1958 quod
1077 1874 1123 1940 ita
1144 1867 1242 1959 serip—
1347 1936 1352 1944 .

127 1986 196 2044 tum
213 1978 248 2042 in
263 1976 460 2044 membranis
475 1979 643 2046 Vossianis
662 1982 773 2044 extare
788 1983 908 2044 testor.
924 1977 977 2043 bic
991 1977 1089 2062 igitur
1103 1977 1243 2044 comicos

127 2087 279 2165 vetares,
295 2079 371 2145 item
386 2080 567 2152 Lucretium
583 2087 615 2146 et
626 2078 830 2164 Phaedrum,
846 2080 996 2147 relicuom
1012 2085 1165 2165 quattuor
1179 2080 1243 2164 syl·

126 2183 215 2250 labis
238 2182 391 2249 extulisse
413 2181 572 2268 ostendit,
593 2182 727 2266 negavit
752 2189 858 2248 autem
881 2177 1121 2266 eo'Vergilinm
1142 2181 1243 2248 Hora·

127 2287 212 2354 tium
234 2282 398 2350 Tibullum
424 2283 627 2370 Propertium
653 2304 804 2370 umquam
832 2304 908 2352 usos
937 2303 1033 2350 esse.
1056 2285 1160 2369 potuit
1187 2284 1243 2350 ad-

128 2390 211 2456 dere
234 2384 406 2471 Ovidium,
423 2384 591 2472 Gratiam,
612 2388 857 2470 Germanicum,
875 2388 1083 2472 Priapeorum
1107 2392 1242 2475 politas,

127 2489 291 2580 opuscula
317 2489 531 2574 Maroniana,
555 2489 790 2574 Columellam,
813 2489 995 2573 Senecam,
1016 2489 1242 2576 Calpurnium,

127 2595 319 2678 Lucanum,
337 2590 499 2658 Valerium
513 2592 684 2658 Flaccum.
705 2591 762 2660 sed
785 2591 873 2677 quod
888 2593 1068 2658 Martialem
1091 2611 1130 2658 ac
1151 2593 1244 2660 Iuve-

127 2698 241 2764 nalem
262 2696 382 2780 primos
403 2694 534 2760 relicom
550 2693 672 2762 dixisse
695 2681 908 2780 existimavit,
925 2714 990 2760 non
1010 2694 1089 2760 satis
1105 2695 1243 2761 attendit

128 2799 279 2867 Persium
295 2816 334 2862 eo
349 2801 463 2880 quater
476 2817 569 2862 usum
585 2817 674 2882 esse,
691 2796 804 2866 Silium
821 2797 919 2862 multo
935 2797 1086 2882 saepius,
1104 2796 1242 2862 Statium

127 2909 178 2970 ter
192 2924 200 2966 :
216 2899 316 2966 habet
338 2899 434 2965 etiam
456 2896 600 2984 Sulpicia
622 2899 754 2965 (taleni.
770 2906 804 2965 at
826 2899 1018 2986 epitomator
1032 2897 1154 2964 Iliados
1176 2917 1242 2964 non

127 3003 239 3092 potuit
266 3000 407 3068 sambore
432 3001 495 3070 895
525 3004 662 3088 Atropos
695 3003 776 3066 burto
803 3003 921 3066 dream
951 3002 1055 3066 orobos
1087 3000 1242 3088 reliquae-

128 3131 192 3196 que
214 3128 358 3188 sororoo,
373 3103 476 3190 potnit
496 3103 683 3194 cipidooqoo
704 3125 848 3190 sorores,
863 3122 1059 3188 quamquam
1082 3101 1243 3186 exempla·

127 3210 181 3276 ria
203 3213 271 3274 tam
292 3205 424 3272 mirifice
445 3205 593 3291 uariant,
614 3211 649 3272 ut
670 3205 712 3272 de
738 3203 917 3278 hocversu
942 3204 1047 3271 adbuc
1068 3203 1149 3270 nibil
1170 3222 1243 3269 eon-

128 3311 222 3379 stitui
245 3309 369 3396 possit.
385 3328 446 3375 nec
460 3309 591 3374 Manilio
608 3308 781 3375 convenire
795 3312 873 3394 puto
888 3306 976 3392 quod
991 3313 1041 3374 est
1061 3307 1095 3372 in
1118 3329 1151 3392 n,
1164 3306 1242 3391 734,

15 3466 19 3474 .
128 3411 303 3495 Dimoto,
326 3412 460 3499 reliquia
486 3413 644 3478 trebuetur
672 3423 707 3476 ut
731 3403 842 3478 ordine
863 3410 988 3497 aipein
1008 3415 1040 3474 et
1068 3415 1176 3476 tamen
1197 3409 1244 3475 vi·

129 3516 195 3583 deo
211 3512 375 3580 Priderico
398 3513 514 3580 Iacobo
537 3513 622 3580 bunc
643 3531 773 3580 versum
796 3511 949 3598 probari,
966 3531 1060 3596 quem
1077 3511 1243 3578 Bentleius

128 3619 315 3686 reiecerat.
336 3616 488 3686 reticulos
514 3622 621 3703 autem
647 3634 820 3700 numquam
848 3613 953 3680 dictae
979 3621 1073 3700 sunt,
1096 3615 1242 3698 quamvis

129 3721 179 3796 ita
209 3718 379 3804 scripsisse
407 3725 532 3786 veteres
562 3718 653 3786 dic'at
669 3717 862 3803 Papirianus
883 3717 924 3782 in
950 3717 1079 3803 sylloge
1102 3717 1244 3782 Putscbii

129 3821 283 3910 pateo.
299 3821 455 3906 relicuom
474 3820 648 3886 Vaticanus
672 3819 774 3886 codex
789 3818 931 3886 Sallustii
953 3819 988 3884 in
1009 3820 1155 3886 oratione
1177 3820 1244 3884 Ma-

130 3925 179 3990 cri
193 3925 225 4006 ξ.
241 3923 269 3987 1.
284 3923 422 4010 aelmaer·
434 3929 483 3988 est
504 3923 536 3988 in
558 3923 632 4006 lege
648 3922 733 3988 Iulia
754 3921 944 4006 municipali
969 3920 1027 3988 151
1043 3943 1051 4006 3
1067 3922 1189 3988 seilicet
1209 3928 1246 3988 ut

126 4025 273 4116 poqades
284 4049 386 4112 papus
398 4026 540 4112 pequaio
547 4025 741 4112 populatus,
757 4024 833 4090 item
848 4023 882 4089 in
896 4022 971 4106 lego
982 4023 1102 4090 Thoria
1113 4024 1155 4091 25
1170 4047 1244 4112 oqu-

124 4143 244 4218 potam
266 4134 298 4194 et
321 4128 380 4193 101
401 4129 601 4215 persequtrb.
619 4127 781 4214 reliqueras
802 4145 862 4211 per
884 4125 948 4190 duo
975 4150 997 4190 a
1020 4125 1157 4194 dubitari
1180 4146 1245 4191 non

53 4285 57 4296 .
129 4236 242 4318 potest
263 4230 341 4316 quin
364 4237 450 4296 extet
470 4231 503 4294 in
520 4228 683 4297 Ciceronis
706 4228 748 4294 de
766 4248 802 4296 re
822 4228 952 4312 publica
972 4227 1055 4294 libro
1078 4251 1099 4312 1,
1112 4227 1153 4296 35
1166 4225 1246 4312 ,ubi

130 4323 241 4400 Maius
264 4330 354 4398 dedit
381 4334 560 4416 eaeiguuos,
581 4358 604 4419 p
626 4332 752 4398 litterae
777 4351 843 4396 non
869 4331 932 4396 nisi
954 4329 1125 4413 vestigium
1147 4329 1245 4395 breve
1333 4361 1335 4366 v

131 4453 267 4503 manere
281 4439 434 4500 testatos:
451 4441 587 4520 apparet
601 4434 685 4501 enim
701 4431 905 4500 scribendum
918 4452 990 4499 esse
1001 4433 1162 4518 reliqoooo
1177 4453 1244 4494 cao·

131 4539 255 4606 tentari
261 4538 358 4603 unior
369 4538 482 4622 optimi
490 4549 518 4603 et
528 4537 646 4603 sommi
653 4538 721 4602 or’rt'
728 4536 910 4623 dt'lt'peatr'c.
923 4535 1101 4619 scripturae
1112 4532 1245 4598 mutabi-

671 4651 674 4656 '
970 4637 1014 4700 20
