3052 5144
631 409 644 472 1

91 579 160 641 seire
181 579 251 644 lieet
271 599 333 642 nun
356 598 428 643 esse
452 578 531 644 haee
553 578 647 662 ignes
670 599 805 664 corpora
828 599 949 644 rerum.

30 717 69 752 aar
91 693 129 755 nit
150 692 275 760 referret
295 695 380 760 enim
403 693 563 776 quaedam
586 693 763 768 decedere,
786 694 895 764 abire.

90 813 176 888 atque
196 807 256 872 atio
279 807 440 887 adtribui,
462 807 642 890 mutarique
666 806 780 872 ordine
803 809 982 889 quaedam,

89 921 111 984 si
131 926 230 986 tamen
254 921 379 988 ardoris
401 929 547 988 naturam
570 927 683 988 euneta
705 929 869 988 tenerent:

88 1035 162 1116 ignis
183 1035 263 1101 enim
286 1035 371 1101 foret
393 1037 583 1103 omnimodis
606 1035 691 1118 quod
716 1056 851 1119 eumque
877 1045 1042 1104 crearent.

89 1169 204 1226 vemm,
226 1157 260 1214 ut
282 1151 415 1234 opiner,
439 1152 532 1218 itast:
555 1157 630 1217 sunt
651 1151 810 1233 quaedam
833 1171 989 1236 nemora,
1013 1174 1147 1234 querum

27 1283 67 1328 are
89 1283 246 1332 eeneursus
268 1272 373 1332 mutus
396 1263 474 1330 ordo
496 1265 642 1350 positura
668 1268 789 1353 figurae

88 1377 217 1445 etfieiunt
236 1380 341 1465 ignis,
365 1387 548 1464 mutatoque
571 1383 684 1450 ordine
705 1390 828 1450 mutant

87 1499 239 1572 autumn,
263 1514 368 1578 neque
390 1501 464 1561 sunt
485 1495 550 1580 igni
574 1498 722 1564 simulata
744 1517 848 1580 neque
872 1496 929 1562 ulli

87 1613 239 1690 praeterea
260 1610 309 1675 rei
332 1629 416 1693 quae
439 1630 575 1694 eorpnra
596 1611 718 1678 mittere
741 1611 844 1696 possit

89 1724 222 1789 sensibus
243 1731 275 1790 et
297 1731 425 1810 nostrus
447 1725 573 1790 adieetu
595 1733 729 1809 tangere
751 1733 874 1792 taetus.

28 1857 67 1901 rur·
126 1838 232 1906 Dieere
253 1861 352 1924 porro
374 1839 481 1924 ignem
504 1860 556 1906 res
578 1843 681 1908 omnis
703 1863 795 1918 esse,
819 1859 924 1923 neque
949 1839 1045 1904 ullam

89 1974 144 2018 rem
164 1974 268 2020 veram
292 1955 325 2020 in
348 1975 481 2022 numere
504 1975 608 2022 rerum
631 1963 779 2022 constare
801 1955 861 2021 nisi
885 1954 1012 2038 ignem,

88 2068 161 2150 qued
181 2068 257 2136 fauit
279 2068 460 2144 hiemem,
484 2070 677 2154 perdelirum
700 2092 771 2138 esse
793 2071 937 2136 videtur.

89 2201 150 2248 narn
172 2193 282 2250 eontra
304 2205 417 2251 sensus
440 2185 480 2248 ab
503 2185 648 2252 sensibus
671 2184 741 2269 ipse
764 2192 942 2270 repugnat,

89 2303 115 2360 et
132 2297 300 2366 tabesaetat
320 2320 397 2376 eos,
421 2298 506 2366 unde
528 2298 637 2364 emnia
660 2297 779 2364 eredita
802 2300 962 2384 pendent,

28 2433 66 2476 aar
87 2411 160 2478 nude
181 2414 231 2480 hie
253 2415 401 2499 cognitus
424 2423 473 2480 est
495 2413 556 2498 ipsi
581 2432 674 2496 quem
699 2415 842 2480 nominat
864 2413 990 2498 ignem:

87 2529 176 2595 eredit
195 2531 279 2596 enim
304 2549 418 2596 sensus
439 2529 545 2613 iguem
569 2547 764 2613 eegneseere
786 2549 879 2612 vere,

85 2651 181 2711 uetera
201 2667 265 2713 uon
289 2645 410 2722 eradit,
432 2664 515 2727 quae
537 2644 603 2710 nilo
625 2644 713 2711 niara
734 2643 839 2710 minus
860 2649 953 2710 suut.

85 2759 162 2840 qued
183 2762 257 2826 mihi
281 2781 352 2826 eum
376 2779 492 2826 vanum
515 2766 580 2824 tum
604 2759 740 2826 delirum
763 2777 836 2826 esse
858 2758 1004 2824 videtur:

85 2893 141 2955 quo
160 2875 336 2942 reseremus
358 2876 471 2940 enim?
493 2875 569 2958 quid
592 2875 686 2940 nobis
709 2875 824 2942 certius
847 2872 927 2958 ipsis

25 2991 221 3058 narsensibus
244 3011 317 3058 esse
340 2997 463 3075 potest,
488 2991 540 3073 qui
563 3011 639 3056 rem
663 3011 703 3056 ae
725 2990 806 3054 salsa
828 2990 1003 3056 notemus?

84 3115 240 3192 praeterea
263 3125 365 3190 quare
388 3106 556 3188 quisquam
579 3106 681 3190 magis
704 3104 811 3170 omnin
833 3103 926 3170 tollat

83 3231 110 3288 et
129 3224 204 3289 velit
225 3221 351 3288 ardoris
372 3227 521 3286 naturam
544 3221 689 3303 linquere
711 3218 834 3296 selum,

83 3359 170 3421 quam
192 3343 289 3420 neget
312 3355 384 3402 esse
406 3336 512 3419 ignis,
536 3335 664 3418 quidvis
686 3341 792 3400 tamen
816 3353 889 3400 esse
912 3333 1094 3416 relinquat?

82 3473 179 3535 aequa
201 3453 327 3518 videtur
348 3452 432 3516 enim
454 3451 615 3518 dementia
637 3451 744 3518 dicere
767 3457 951 3533 utrumque.

26 3585 60 3632 run
85 3619 92 3632 .
120 3566 342 3654 Quapropter
364 3566 417 3648 qui
440 3565 603 3632 materiem
628 3585 733 3632 rerum
757 3584 828 3632 esse
847 3571 998 3650 putarunt

81 3682 181 3763 ignem
203 3691 300 3767 atque
323 3681 451 3761 exigui
474 3699 628 3746 summam
651 3681 826 3748 consistere
849 3699 965 3766 pesse,

81 3805 109 3861 et
129 3799 181 3881 qui
202 3801 394 3885 prineipinm
417 3797 591 3883 gignundis
613 3804 690 3862 ae'ra
713 3797 806 3862 rebus

82 3915 288 3994 constituere,
311 3921 365 3980 unt
387 3934 529 3982 umorem
554 3913 608 3996 qui
629 3931 763 3994 eumque
785 3919 937 3998 putarunt

81 4027 196 4110 tingere
218 4049 270 4097 res
293 4031 398 4116 ipsum
420 4049 479 4115 per
501 4047 557 4104 se,
579 4032 735 4094 terramve
757 4046 868 4094 ereere

83 4191 276 4204 --ᾕ--ιι-

86 4297 131 4344 etto
149 4297 299 4350 descendere
324 4299 338 4368 Η
367 4301 418 4349 683
437 4307 549 4348 crearet.
571 4297 584 4368 Η
614 4299 664 4348 690
683 4298 801 4360 iquenem
825 4293 838 4366 Η
870 4297 921 4348 694
939 4293 1090 4346 luebsisetat
1113 4289 1126 4360 Η
1153 4293 1202 4342 teu

86 4383 178 4444 quidvis
197 4385 337 4438 emissum.
358 4383 371 4454 Η
393 4387 443 4436 teu
462 4393 598 4451 putantur.
