3052 5150
316 369 378 435 144
840 367 891 434 111

399 539 451 604 21.
474 559 616 602 semesa
642 557 843 602 innuamus
874 559 1022 602 aurens
1050 539 1204 602 lursorr
1232 561 1273 602 nr
1304 561 1413 602 uinea

313 662 474 708 nrrruso
498 661 640 706 nunnus
661 661 793 705 arnan.
809 639 922 723 Neque
944 640 978 704 in
993 639 1152 726 asyndeto
1172 641 1241 706 ulla
1262 642 1415 724 elegantia

314 753 371 830 est,
395 743 525 810 eumad
547 745 657 830 obrepit
679 762 720 808 ex
742 742 963 827 superioribus
986 743 1087 830 repeti
1110 743 1230 810 debeat
1252 769 1304 810 eos
1327 743 1415 810 sedes

314 849 461 924 deorum,
478 853 512 911 ut
527 845 624 930 paulo
640 850 714 931 post
728 845 770 912 69
786 845 937 932 loopeqae
950 869 1085 912 ramosae
1100 865 1153 928 ea,
1170 847 1311 934 (Iotape
1325 847 1415 928 enim,

315 949 404 1034 quod
420 946 642 1015 Wakefieldus
657 948 792 1033 probat,
815 949 897 1034 turpi
922 968 1029 1014 errore
1052 947 1181 1016 Brixiae
1204 949 1349 1015 Veronae
1363 947 1417 1014 Ve-

314 1053 410 1120 netiis
437 1051 513 1117 olim
540 1051 732 1138 impressum
755 1051 831 1134 est):
860 1069 966 1134 neque
988 1051 1157 1117 Lueretius
1185 1051 1266 1118 alibi
1289 1070 1417 1136 nsquam

313 1155 445 1222 lieentia
458 1173 487 1219 -a
501 1153 680 1238 Forbigero
700 1153 744 1218 ad
764 1152 881 1219 librum
905 1175 926 1238 r,
952 1155 988 1218 11
1014 1155 1105 1238 poesi
1120 1153 1265 1220 nondum
1281 1153 1418 1220 excultae

314 1258 455 1341 benigne
470 1255 653 1324 eondonata
668 1275 744 1322 usus
760 1263 827 1340 est,
850 1254 908 1321 sed
924 1275 945 1320 a
960 1255 1164 1322 Graecanica
1186 1265 1259 1324 arte
1280 1255 1418 1323 brevium

314 1360 512 1446 syllabarum
543 1357 824 1445 produeeudarum
855 1357 999 1425 studiose
1030 1359 1209 1426 abstinuit.
1232 1367 1319 1425 reete
1348 1375 1418 1441 ergo

312 1463 467 1530 Marullus
478 1486 600 1550 oernper
614 1483 685 1534 ons
701 1462 864 1528 obnubilas
880 1461 986 1528 oetier
996 1461 1136 1548 Irrupit,-
1150 1459 1239 1546 quod
1256 1460 1420 1548 respondet

313 1566 492 1632 Homeriois
504 1613 513 1648 ,
525 1583 610 1648 quae
624 1571 699 1630 sunt
713 1565 747 1629 in
759 1561 928 1650 Odysseae
942 1570 1033 1630 sexto
1048 1564 1111 1650 44,
1129 1558 1218 1630 etta
1229 1558 1308 1647 μάλ’
1321 1557 1419 1649 αἴθρη

313 1667 495 1736 Himeros
517 1659 701 1755 ἀνέφελος.
717 1665 776 1732 sed
797 1673 967 1751 praeterea
987 1666 1193 1734 scribendum
1218 1675 1270 1735 eat
1291 1681 1320 1734 et
1339 1669 1419 1753 torpe

313 1771 429 1859 dffoao
451 1771 569 1837 lumine
590 1790 746 1854 arnssr,
769 1769 902 1836 deorum
924 1769 1038 1854 sedes,
1061 1791 1126 1836 non
1148 1769 1284 1857 aether,
1309 1769 1419 1836 lumine

313 1872 474 1941 aetheris:
497 1871 602 1939 ridere
624 1872 710 1938 enim
732 1871 882 1938 dieuntur
904 1891 988 1957 quae
1009 1873 1232 1958 illustrantur,
1255 1893 1321 1939 non
1343 1890 1418 1956 quae

313 1975 491 2044 illustrant.
508 1974 595 2061 apud
617 1973 791 2042 Homerum
814 1973 912 2063 λευκὴ
935 1969 966 2042 δ’
991 1973 1215 2064 leodebodum
1239 1970 1356 2063 αἴγλη.

398 2077 450 2146 28.
472 2078 539 2144 Hrs
561 2099 624 2142 uer
644 2097 693 2142 un
716 2097 852 2142 anuos.
868 2077 967 2144 Reete
989 2101 1040 2143 rar
1063 2079 1252 2147 Gronovius
1276 2078 1320 2146 ad
1341 2075 1418 2143 Livii

313 2203 372 2265 vn,
394 2181 451 2264 26,
475 2187 508 2248 et
529 2178 751 2248 Wakefieldus
774 2180 824 2248 ‘ex
847 2181 973 2264 ingenii
997 2183 1119 2268 proprii
1143 2181 1368 2250 divinatione’.

399 2284 450 2352 29.
474 2281 584 2363 Quom
606 2303 836 2348 srousruax.
853 2283 1011 2352 Aventius
1034 2285 1120 2371 quod
1140 2305 1196 2349 erc
1220 2299 1360 2354 natura.

397 2387 450 2454 33.
471 2407 647 2452 sensuro
674 2407 836 2450 esserra
865 2385 1189 2466 wenerannus
1217 2385 1419 2455 niteremin-

312 2489 408 2556 frain
420 2510 463 2574 ιν,
478 2489 539 2573 47,
554 2489 610 2556 ubi
622 2489 703 2557 haee
715 2489 800 2555 male
811 2490 948 2574 repetita
959 2487 1127 2575 exhibent,
1141 2496 1280 2576 uterque
1292 2491 1417 2556 abeno.

312 2613 484 2658 serrano
511 2594 546 2658 in
573 2598 687 2677 quarto
710 2591 914 2678 Naugerius,
942 2591 976 2656 in
1002 2591 1097 2658 tertio
1120 2591 1317 2660 Oreeebius.
1333 2593 1364 2658 in
1384 2611 1417 2672 n,

315 2697 396 2764 1055
420 2695 581 2779 oblongus
602 2709 747 2780 merae,
771 2695 950 2780 quadratus
972 2707 1121 2760 noerae.

396 2799 448 2867 39.
471 2798 596 2866 Ounrs
628 2819 871 2863 surrunoxss
902 2817 1037 2861 moerus
1071 2817 1239 2863 arenosa
1258 2847 1266 2866 .
1286 2797 1359 2865 Itali
1389 2801 1418 2861 et
1505 2827 1506 2850 r

311 2903 468 2970 Marullus
484 2923 741 2967 sursusnnns.
758 2901 791 2967 iu
814 2921 857 2985 vr,
872 2899 936 2968 479
952 2900 1207 2990 suffunduntque
1227 2927 1290 2969 aaa
1305 2899 1416 2968 coelom

311 3007 379 3073 eat‘
396 3008 466 3073 irre.

363 3031 448 3176 ι943.
472 3109 523 3175 Er
546 3129 586 3172 ss
614 3129 720 3172 seran
743 3127 858 3172 aarum
884 3127 1064 3172 uenenum
1087 3127 1291 3172 snseururs
1314 3125 1414 3170 esar.

312 3210 497 3292 Quadratus
518 3213 600 3278 seiri
609 3261 616 3276 .
631 3217 699 3278 tum
722 3211 882 3295 oblongus
908 3216 940 3277 et
959 3209 1063 3276 Italiei
1086 3211 1208 3276 animi:
1231 3211 1293 3278 sed
1314 3227 1415 3278 verum

312 3317 529 3398 astabimus,
552 3313 653 3382 dandi
675 3331 773 3381 easu.

396 3416 448 3482 44.
472 3418 553 3483 Neo
580 3437 748 3482 raosnn.
765 3416 815 3482 lta
841 3415 1038 3500 quadratus:
1066 3416 1227 3500 oblongus
1253 3437 1414 3505 proram

312 3537 409 3586 versu
435 3519 500 3586 514
522 3543 672 3606 prorsam
700 3517 785 3584 idem
813 3519 974 3603 oblongus
1001 3538 1023 3586 a
1049 3521 1414 3585 portentuosiores

311 3629 444 3707 uterque
459 3622 492 3687 in
507 3643 553 3706 111,
565 3621 650 3705 534,
666 3621 742 3687 item
753 3646 864 3688 rasum
878 3622 911 3688 iu
927 3643 974 3706 nr,
992 3622 1072 3690 1001
1089 3643 1132 3703 rr,
1146 3621 1209 3688 333
1225 3642 1257 3706 v,
1274 3621 1356 3688 749.
1371 3641 1415 3682 ra·

311 3751 381 3791 rum
404 3726 438 3791 in
460 3723 511 3791 bis
532 3723 625 3790 libris
647 3723 800 3809 seriptum
822 3745 886 3790 non
909 3725 995 3808 leg-i.
1012 3730 1152 3790 aeterum
1175 3721 1238 3788 bae
1259 3715 1413 3789 seribendi

312 3828 460 3913 ratione,
484 3847 550 3912 qua
575 3853 594 3891 r
621 3827 727 3893 littera
753 3833 827 3912 post
848 3827 995 3893 vooalern
1016 3827 1146 3910 longam
1169 3823 1319 3910 eliditur,
1341 3817 1413 3888 nibil
1503 3859 1504 3868 κ

311 3929 475 4013 vulgatius
497 3939 565 4014 est,
588 3930 679 3996 ouius
701 3937 767 3996 tum
789 3947 867 3996 essu
888 3929 1055 3996 immemor
1077 3927 1247 3994 Madvieus
1268 3925 1303 3992 in
1325 3947 1356 3990 rr
1370 3921 1413 3989 01-

312 4031 438 4098 eeronis
461 4033 503 4099 de
525 4031 642 4100 finibus
664 4031 706 4098 68
729 4051 794 4098 non
816 4031 975 4098 intellexit
995 4030 1200 4098 scribendum
1223 4049 1296 4097 esse
1311 4029 1413 4114 laque

311 4159 406 4200 nasus
428 4133 536 4200 eadem
557 4137 679 4202 ratione
689 4185 699 4220 ,
726 4159 791 4221 quo
811 4158 882 4200 aem
896 4133 999 4220 paud>
1021 4146 1094 4198 emta
1114 4157 1211 4216 aeas,
1234 4129 1413 4208 emetur

312 4235 367 4303 ubi
398 4236 430 4301 in
461 4235 552 4302 libris
578 4243 629 4303 est
654 4237 768 4324 Itaque
795 4258 872 4301 usar
890 4281 898 4298 .
913 4241 1011 4302 vetus
1035 4234 1139 4301 eodex
1173 4233 1412 4319 gromatieorum

312 4358 343 4424 p.
362 4337 432 4423 195,
458 4337 498 4403 12
520 4337 643 4404 da’ostrm
665 4358 723 4423 pro
745 4337 912 4404 deorsum.

396 4441 448 4506 47.
471 4442 630 4507 lacunar
645 4460 795 4506 osussu
809 4489 817 4504 .
833 4439 907 4506 Itali
923 4459 1043 4504 causa
1056 4487 1064 4506 .
1079 4439 1139 4506 sed
1162 4457 1277 4507 versus
1296 4439 1338 4505 46
1352 4451 1409 4519 (111⁰

312 4542 501 4610 referendus
523 4549 629 4627 esset,
653 4551 728 4610 aute
751 4543 930 4610 Bentleium
953 4563 1047 4610 nemo
1068 4543 1253 4629 perspexit.
1315 4617 1321 4626 ,
