3052 5144
635 433 650 498 1

86 606 128 670 sie
148 605 227 670 alias
250 605 321 670 aliis
342 607 438 672 rebus
461 605 612 671 mutarier
632 605 766 672 omnis?

122 715 175 784 ‘nt
197 719 366 786 manifesta
388 721 494 805 palem
517 739 570 786 res
592 715 725 786 indieat’
749 721 855 810 inquis
873 715 920 786 ‘in
943 743 1039 788 auras

85 841 164 904 ebria
186 859 204 902 e
225 841 311 900 terra
333 855 384 900 res
408 835 511 900 omnis
535 855 677 902 erescere
700 836 830 918 alique:

20 977 62 1021 ab
86 961 114 1018 et
135 952 194 1018 nisi
216 957 391 1036 tempestas
413 949 560 1031 indulget
582 957 724 1034 ternpore
747 951 853 1018 fausto

19 1090 61 1134 ao:
85 1067 190 1150 solque
212 1085 273 1130 sua
295 1085 353 1148 pro
375 1071 466 1148 parte
489 1065 574 1130 fovet
596 1065 765 1147 tribuitque
785 1066 945 1150 calorem,

19 1190 61 1248 are
83 1181 231 1246 imbribus
254 1187 285 1244 et
308 1180 381 1244 tabe
405 1180 582 1244 nimborum
606 1181 751 1245 ambusta
779 1180 946 1264 vacillent,

19 1317 61 1360 eea
85 1315 221 1362 creseere
246 1315 309 1360 non
332 1295 456 1378 possint
478 1295 585 1375 fruges
609 1294 739 1360 arbusta
761 1291 957 1360 animantis?

84 1411 215 1489 scilieet,
239 1418 271 1475 et
293 1409 356 1474 nisi
378 1429 437 1474 nos
460 1408 549 1474 eibns
571 1409 679 1474 aridus
702 1416 734 1475 et
754 1417 845 1476 tener
867 1395 957 1476 umor

19 1549 61 1590 aro
84 1525 228 1608 adiuvet,
253 1524 373 1590 anusso
396 1525 459 1588 ianr
482 1543 615 1607 oorpore
639 1524 703 1588 vita
726 1543 852 1608 quoque
875 1527 978 1592 ornnis

83 1641 222 1706 omnibus
245 1659 264 1704 e
287 1637 396 1703 nervis
419 1645 515 1720 atque
537 1639 664 1704 ossibus
687 1639 888 1704 exsoluatur:

83 1755 366 1821 adiutamur'euirn
390 1752 488 1817 dubio
512 1755 621 1836 proeui
644 1760 740 1835 etquue
762 1754 877 1818 alimur
899 1775 959 1819 noe

82 1872 171 1936 nentis
192 1870 235 1935 ab
259 1870 376 1951 rebus,
401 1868 493 1932 eertis
516 1868 600 1933 aliae
622 1873 719 1950 atque
741 1869 825 1933 aliae
848 1888 919 1934 res.

83 1985 111 2048 ni
133 1985 264 2062 minum,
289 1985 365 2065 quia
388 1981 485 2046 multe
507 1983 611 2048 modis
633 1984 812 2048 eommunia
833 1985 940 2050 multis

22 2101 243 2165 arsinoitarum
268 2117 373 2164 rerum
396 2097 428 2162 in
452 2095 546 2164 rebus
568 2097 744 2183 primordia
767 2098 864 2163 mixta

85 2221 167 2290 sunt,
191 2213 266 2278 ideo
290 2214 388 2278 variis
410 2213 522 2278 variae
544 2231 596 2278 res
621 2213 715 2278 rebus
738 2213 883 2278 aluntur.

85 2335 169 2410 atque
192 2328 311 2394 eadent
334 2328 442 2409 magui
467 2327 563 2394 refert
585 2327 760 2411 primordia
783 2347 881 2413 saepe

81 2463 145 2507 eum
167 2445 287 2528 quibus
310 2451 342 2508 et
364 2441 452 2526 quiaii
473 2443 616 2527 positura
638 2443 858 2508 contineantur

80 2564 206 2640 et'quos
230 2561 375 2625 interae
397 2557 475 2624 dent
497 2563 600 2622 motus
626 2557 867 2642 accipiantque:

16 2692 57 2736 aro
79 2693 209 2756 namque
233 2671 351 2738 eadem
373 2673 494 2738 eaelum
519 2685 605 2736 mare
628 2677 729 2736 terras
752 2671 880 2738 flumina
898 2674 1003 2740 'solem

78 2789 290 2864 constituunt,
315 2787 427 2852 eadem
449 2787 558 2870 fruges
579 2787 708 2852 arbusta
730 2787 920 2868 animantia,

77 2922 182 2966 rerum
205 2904 284 2968 aliis
307 2903 434 2985 alioque
456 2901 551 2966 mindo
575 2901 747 2966 commixta
770 2908 953 2966 moventur.

77 3017 266 3096 quinetiam
292 3017 411 3101 passim
436 3017 551 3082 nostris
573 3016 605 3080 in
627 3017 773 3082 versibus
797 3016 876 3100 ipsis

76 3131 169 3196 inulta
192 3132 356 3196 elementa
377 3131 467 3196 vides
489 3131 595 3201 multia
618 3132 796 3196 eommunia
818 3131 944 3208 verbis,

13 3263 53 3308 em
77 3265 142 3310 eum
164 3245 381 3327 tamenginter
403 3265 438 3310 se
461 3263 573 3312 versus
596 3265 636 3310 ae
657 3247 758 3312 verba
780 3253 942 3312 neeessest

76 3361 245 3427 eonfiteare
268 3367 300 3424 et
323 3380 356 3424 re
379 3367 410 3444 et
432 3359 537 3426 sonitu
560 3359 678 3425 distare
702 3362 847 3426 sonanti.

75 3480 192 3540 tantum
216 3476 380 3541 elementa
403 3481 522 3558 queunt
544 3479 721 3559 permutato
745 3475 856 3540 ordine
879 3477 967 3542 solo:

75 3597 106 3651 at
126 3610 232 3656 rerum
257 3609 340 3672 quae
363 3597 435 3654 suunt
456 3589 650 3674 primordia,
674 3589 766 3672 plura
788 3589 942 3658 adbibere

75 3713 206 3785 possunt
229 3703 317 3769 unde
341 3713 461 3786 queant
483 3705 591 3774 variae
613 3724 665 3769 res
688 3724 835 3786 quaeque
857 3709 977 3772 eremi.

11 3832 53 3879 reo
115 3818 209 3885 Nune
233 3825 270 3883 ut
292 3821 502 3902 Anaxagorae
525 3826 699 3884 scrutemur
721 3818 978 3885 homoeomerian

75 3949 166 4012 quam
189 3933 272 4000 Grai
295 3943 473 3999 memorent
495 3953 554 3998 nee
575 3941 685 3998 nostra
707 3933 813 4000 disere
836 3934 946 4020 lingua

74 4047 219 4113 coneedit
241 4046 337 4112 nobis
359 4049 454 4131 patrii
476 4047 633 4114 sermonis
655 4056 802 4130 egestae,

75 4159 129 4226 sed
151 4169 263 4228 tamen
287 4160 390 4245 ipsam
412 4181 479 4227 rem
501 4161 626 4228 iaeiiest
648 4181 808 4246 exponere
830 4163 956 4248 verbis,

78 4413 122 4456 8υὸ
142 4411 250 4460 arbusta
272 4408 286 4478 Η
307 4413 357 4458 814
377 4411 532 4460 multimodis
553 4409 567 4480 ΙΙ
587 4415 637 4460 824
657 4411 745 4461 bellis.
766 4413 779 4479 ΙΙ
799 4417 850 4463 830
869 4425 893 4462 ot
