3186 5146
306 359 369 426 416
838 357 884 422 Vl

307 531 396 614 longi
417 537 449 596 et
466 529 642 595 Brixiensis
663 529 761 595 editio
781 552 913 614 caprea.
936 527 1098 594 Antonius
1118 527 1212 594 ilarii
1229 529 1336 615 pipm’e
1355 550 1419 592 an·

307 653 492 696 nnurrnos
521 655 653 718 uepres.
688 631 844 695 Marullus
867 630 1025 718 pecudum
1056 631 1214 696 balatibus
1243 633 1351 716 capris
1378 650 1419 696 ex

307 735 425 802 ovidio
448 741 574 800 metam.
590 755 645 818 vn,
658 733 741 799 540.
769 732 827 798 sed
850 731 1044 798 servandum
1066 737 1116 797 est
1136 756 1271 820 aepror,
1294 739 1327 798 et
1347 733 1420 799 red-

307 837 447 904 dendum
464 837 605 902 Pacuvio
622 837 656 902 iu
669 835 827 902 Periboea
840 835 902 914 sio,
918 858 1093 920 corpusque
1106 859 1208 900 meum
1224 836 1287 900 tali
1294 837 1421 902 Merore

307 963 437 1030 aeprore
451 962 575 1004 macore
589 952 695 1006 cenet:
713 938 747 1003 in
762 938 860 1003 Nonii
880 935 1119 1022 exemplaribus
1133 957 1166 1021 p.
1182 937 1252 1021 137,
1267 938 1282 1001 1
1300 937 1420 1022 legitur

307 1067 433 1109 errore.
460 1041 537 1108 item
561 1041 692 1106 Accium
716 1041 749 1104 in
774 1041 936 1124 Eurysace
958 1039 1128 1124 scripsisse
1151 1045 1230 1124 puto
1253 1040 1422 1106 Persuasit

307 1169 431 1210 maeror
441 1194 450 1226 ,
473 1143 647 1227 comrade,
669 1166 783 1230 aepror
794 1193 803 1226 ‚
832 1143 921 1208 dolor
932 1167 943 1226 ,·
969 1160 1032 1206 nou
1055 1165 1145 1208 error
1156 1191 1165 1224 ,
1192 1147 1229 1207 ui
1255 1147 1306 1208 eet
1332 1139 1422 1228 apud

308 1247 449 1314 Nonium
471 1266 503 1331 p.
516 1245 566 1322 ta,
579 1246 642 1310 27.
1295 1251 1299 1258 ·

396 1350 488 1414 1135.
511 1348 564 1412 Aa
587 1369 734 1412 ananau
755 1367 862 1412 noers
885 1366 998 1410 vrrno
1020 1368 1169 1412 narona
1190 1367 1423 1412 couuurrunr

309 1455 489 1519 Darnnnr
504 1472 575 1515 aar
586 1471 756 1522 nuruum.
768 1449 869 1536 Defer
880 1461 935 1514 aut
946 1448 1075 1536 aliquid
1084 1449 1298 1534 primamanu
1310 1450 1423 1516 oblon-

308 1575 383 1639 gus.
395 1573 514 1619 unrno
527 1553 699 1620 Aventius.
716 1565 875 1640 rumpmm
887 1556 919 1616 et
929 1553 1083 1638 rumperet
1094 1551 1128 1616 in
1141 1551 1277 1636 digestis
1289 1553 1424 1619 Floren-

307 1658 385 1724 tinis
402 1655 468 1738 legi
485 1662 594 1721 notum
612 1661 675 1739 est,
691 1661 726 1720 ut
741 1659 900 1740 appareat
914 1653 949 1717 in
966 1652 1027 1718 hoc
1038 1661 1178 1720 veterem
1190 1655 1360 1722 librarium
1372 1658 1423 1724 aui

308 1759 429 1828 saeculi
445 1777 534 1822 more
549 1776 715 1842 peccasse.
728 1771 892 1845 comptum
903 1757 1009 1841 prima
1019 1755 1110 1824 brevi
1125 1758 1283 1824 Lucilium
1297 1757 1425 1826 dixisse

309 1860 501 1928 Consentius
516 1865 627 1925 namet
641 1859 674 1926 in
686 1866 756 1926 arte
768 1858 810 1924 de
826 1858 1036 1924 barbarismis
1053 1866 1086 1925 et
1097 1861 1319 1946 metaplasmis
1331 1863 1425 1946 p.30,

308 1965 398 2032 cuiun
414 1962 515 2030 verba
526 1961 656 2028 subieci.
679 1963 936 2050 Poetaefaciuut
951 1962 1180 2050 metaplasmos,
1193 1987 1263 2028 cum
1279 1966 1349 2052 ipci
1356 1967 1426 2032 iam

308 2069 500 2154 scripturam
521 2065 706 2151 relinquunt
727 2075 922 2151 corruptam,
943 2077 979 2129 ut
998 2077 1044 2130 eet
1057 2065 1239 2152 Relliquiae
1252 2066 1425 2150 Danaum,

310 2183 338 2236 et
353 2182 460 2235 tanton
475 2191 523 2234 me
542 2169 673 2234 crr'rniue
694 2166 990 2253 dipuumDuoeieti:
1011 2166 1138 2232 addidit
1159 2169 1242 2234 cuim
1257 2192 1355 2234 uuam
1372 2171 1425 2236 lit-

309 2286 407 2338 teram
430 2294 492 2358 per
518 2271 757 2357 memplosmum
780 2271 793 2333 l
803 2319 812 2352 ‚
834 2269 907 2334 item
933 2281 1042 2334 caetra
1062 2268 1262 2353 (addendum
1286 2269 1427 2358 dempsit

308 2375 443 2440 litteram
469 2397 529 2460 per
553 2373 791 2460 metaphaanum
820 2372 863 2457 e),
897 2371 979 2436 mbut
1006 2371 1152 2437 Lucilius
1181 2397 1235 2439 ore
1268 2389 1426 2461 corupto:

308 2476 443 2564 dempsit
464 2477 547 2540 caim
568 2499 665 2542 uuam
688 2476 826 2540 litteram
842 2497 904 2560 per
925 2474 1164 2560 metaplasmum
1186 2500 1204 2540 r
1208 2499 1221 2559 ‚⁰
1242 2489 1271 2541 et
1293 2477 1426 2543 anaim

309 2580 396 2645 Huic
418 2591 554 2644 statuam
576 2579 678 2644 statui
695 2579 851 2643 maiorum
871 2581 932 2654 [et]
945 2577 985 2641 ab
1000 2589 1052 2642 otu
1068 2577 1220 2642 Attenia.
1236 2580 1331 2644 ethic
1347 2604 1425 2667 quo-

309 2705 369 2768 que
393 2705 454 2768 per
479 2681 718 2768 metaplasmum
745 2679 880 2765 dempsit
906 2679 1042 2745 litteram
1069 2704 1106 2742 r.
1129 2697 1244 2746 vorsus
1268 2681 1366 2748 Ennii
1391 2683 1425 2748 iu

308 2782 393 2850 hanc
414 2783 482 2848 sere
504 2783 697 2850 sententiam
720 2788 892 2866 conceptus
914 2781 1028 2864 fuerit,
1056 2781 1143 2846 Huic
1164 2795 1301 2872 statuum
1323 2785 1431 2850 emtui

308 2887 459 2952 maiorem
480 2886 568 2952 iorto
589 2886 639 2970 (id
661 2890 711 2951 est
732 2886 858 2966 tortor,
881 2888 916 2948 ut
931 2882 1167 2966 Quadrigarius
1183 2883 1266 2950 dixit
1280 2885 1426 2952 ecberto-

309 2988 393 3072 reut)
414 3011 545 3052 auream
567 2989 698 3054 mmm:
724 2985 866 3051 Lucilius
886 2991 994 3050 auten
1009 3009 1063 3051 ore
1084 2999 1213 3073 cmupto
1234 3005 1301 3053 nou
1315 2987 1427 3072 potuit

310 3089 418 3156 dicere
439 3089 502 3156 nisi
519 3089 675 3156 irridendi
691 3108 791 3155 nausa
805 3093 862 3153 ant
877 3087 959 3152 forte
974 3088 1008 3152 in
1023 3093 1109 3154 recte
1123 3087 1276 3172 loquendi
1292 3089 1426 3173 legibus

310 3191 585 3271 demonstrandis;
608 3191 697 3256 cuius
719 3190 805 3256 modi
829 3197 878 3256 est
893 3189 972 3255 illud
986 3239 994 3267 ‚
1003 3203 1116 3276 pretor
1136 3214 1176 3256 ue
1196 3193 1328 3258 rusticu'
1340 3193 1424 3279 fiat.

310 3293 399 3380 apud
421 3294 603 3361 Lucretium
632 3293 803 3360 infeliciter
829 3291 1005 3358 Lambinus
1028 3304 1209 3358 emeritum.
1241 3294 1352 3379 aptius
1375 3303 1428 3362 est

310 3396 447 3462 Bentleii
469 3398 624 3462 murrum:
646 3395 704 3462 sed
726 3415 858 3477 verum,
874 3394 908 3459 ni
931 3392 1047 3477 fallor,
1070 3395 1154 3460 ultro
1173 3415 1373 3463 coournu.
1391 3399 1425 3464 in

311 3500 394 3565 libro
410 3519 440 3582 v,
451 3499 513 3564 aot
536 3513 662 3587 coperto
683 3498 836 3583 scriptum
858 3502 908 3562 est
929 3494 984 3560 ubi
1006 3494 1103 3562 (lebet
1124 3515 1196 3564 esse
1219 3511 1351 3564 coorta.
1375 3523 1425 3566 cc

311 3602 403 3667 locta
424 3599 636 3684 oblongusin
656 3599 875 3686 natamus
894 3599 994 3683 1100,
1022 3599 1166 3664 coltortue
1192 3599 1278 3666 idem
1302 3601 1426 3668 ibidem

314 3703 413 3769 1186.
429 3717 567 3770 coortam
586 3703 762 3789 quadratus
776 3703 811 3768 in
827 3723 873 3784 m,
889 3700 938 3785 15,
954 3701 1061 3766 hortm
1075 3700 1164 3766 idem
1179 3701 1212 3766 in
1224 3703 1356 3788 meaa.
1373 3721 1424 3769 ce·

311 3813 414 3872 terum
436 3811 533 3891 poeta
555 3826 626 3872 curn
650 3805 728 3872 dicit
750 3807 870 3872 caetum
886 3815 943 3868 aut
958 3801 1099 3888 aliquid,
1123 3803 1283 3888 intellegit
1298 3811 1424 3890 aerem,

313 3929 451 3995 aquam,
475 3907 586 3976 cibos.
609 3907 768 3974 Isidorum
790 3915 898 3974 autem
920 3905 972 3970 hio
993 3904 1114 3970 caelum
1128 3920 1292 3994 cereptum
1307 3927 1426 3992 agnos·

313 4031 385 4078 cere
406 4028 473 4076 non
494 4009 613 4075 miror.
636 4011 684 4076 sic
705 4011 759 4076 iile
775 4010 816 4076 de
830 4015 947 4076 natura
961 4025 1067 4073 rerum
1082 4025 1153 4094 cap.
1166 4008 1222 4076 39.
1237 4010 1327 4076 Sicm
1341 4011 1426 4076 mein

313 4111 438 4200 (confer
453 4131 580 4178 versum
599 4113 694 4193 1103)
710 4113 793 4178 caeli
802 4113 956 4200 pometum,
968 4111 1019 4176 vel
1032 4133 1203 4198 aquaem,
1215 4133 1350 4199 corpora
1365 4111 1426 4176 od-

312 4216 501 4282 uembatium
516 4217 645 4280 terntari
652 4199 875 4282 corceucoerum
886 4213 964 4280 adeo
975 4225 1009 4278 ut
1019 4213 1161 4278 morbum
1172 4215 1365 4301 concipiam,
1378 4216 1427 4280 ita

314 4319 408 4385 etiam
423 4327 479 4382 a'e‘r
493 4330 661 4405 corruptae
676 4343 716 4384 ec
730 4317 806 4382 alie‘e
821 4317 906 4382 caeli
914 4315 1063 4403 partibus
1073 4315 1199 4380 ammas
1213 4315 1319 4380 cubeta
1332 4313 1426 4380 clade

314 4444 428 4507 corpus
450 4421 624 4506 corrumpit
643 4431 737 4505 atquc
758 4431 883 4506 reperite
904 4420 1002 4484 velam
1025 4417 1199 4504 eatiupuit.

403 4521 495 4590 1138.
529 4521 634 4587 Hanc
666 4541 778 4585 ιιιιιο
809 4541 989 4592 ouoannu
1021 4539 1233 4584 uonnoauu
1261 4541 1305 4584 un
1330 4539 1426 4584 uon·
1459 4533 1468 4554 ·
