3020 5146
354 436 413 498 138
457 425 460 432 ’
883 428 940 492 ΗΠ

277 621 325 666 700
351 621 412 662 000
437 585 604 683 penetrat,
622 621 685 682 qua
708 619 770 662 vex
792 599 888 680 volgo
911 601 1095 681 sonitusque
1117 600 1280 664 70700707.

349 735 447 796 quare
468 715 562 780 0770777
587 715 672 796 quud
696 714 761 778 0107
784 733 847 776 000
870 721 936 778 tem
959 713 1055 778 famia
1079 735 1151 780 esse
1173 715 1301 780 videbis

350 829 547 910 investigare
570 831 603 894 in
626 850 690 912 qua
712 828 752 892 sit
774 827 906 912 regione
930 829 1091 892 leuatum:

350 943 528 1024 refrigeseit
551 945 633 1008 euim
656 942 834 1008 eunetaudo
857 941 957 1025 plaga
979 961 1036 1026 per
1058 964 1174 1028 auras,

352 1076 409 1121 000
433 1058 538 1122 eaiida
561 1059 603 1123 ad
626 1077 755 1124 sensum
778 1057 950 1122 7100077007
970 1057 1081 1121 0007177
1102 1077 1224 1123 707070.

278 1193 326 1237 700
352 1179 458 1238 errant
481 1193 578 1258 saepe
601 1193 698 1238 canes
720 1173 828 1254 itaque
852 1177 883 1235 et
905 1172 1040 1254 vestigia
1064 1179 1240 1253 quaerunt.

391 1287 474 1374 [Nee
496 1295 602 1352 tamen
627 1288 688 1353 boe
709 1288 786 1352 selis
808 1287 841 1350 in
865 1286 1016 1352 odoribus
1039 1295 1135 1369 atque
1157 1307 1312 1370 saporum

351 1399 383 1464 in
406 1411 575 1482 generem,
591 1401 648 1466 sed
670 1402 745 1466 item
770 1401 895 1485 speeies
916 1421 1019 1467 707007
1042 1407 1139 1483 atque
1159 1401 1284 1467 eeieres

351 1535 415 1579 000
438 1515 482 1580 770
505 1517 696 1581 conveniunt
718 1515 760 1580 ad
783 1534 897 1580 sensus
920 1517 1066 1581 omnibns
1088 1535 1217 1594 070000,

350 1636 383 1692 07
405 1651 469 1695 000
492 1631 647 1696 0707017ἱο
670 1630 829 1714 quaedam
854 1630 958 1711 magis
981 1629 1180 1695 0077071077.

277 1763 325 1809 770
350 1745 425 1824 quin
449 1747 544 1810 etiam
568 1747 709 1828 gallum,
727 1752 852 1810 0007007
876 1744 1143 1828 explaudentibus
1165 1744 1226 1810 aiis

348 1877 497 1925 00707007
522 1861 612 1926 01070
635 1866 819 1925 consuetum
843 1879 921 1924 veee
943 1879 1080 1944 vocare,
1198 1849 1203 1860 ’

350 1995 456 2038 770000
479 1983 599 2058 queunt
621 1975 724 2039 rabidi
748 1981 858 2039 eontra
880 1979 1029 2038 constare
1052 1975 1162 2040 leones

349 2088 445 2170 inque
468 2090 548 2154 tueri
562 2113 569 2153 :
585 2090 630 2154 ita
653 2089 803 2154 eominus
825 2089 1000 2154 meminere
1022 2089 1129 2172 fugai,

349 2203 380 2265 ui
402 2203 533 2286 mirum,
552 2205 628 2286 quia
650 2209 724 2269 suut
746 2203 902 2285 galiorum
925 2203 956 2267 in
981 2223 1114 2288 empore
1138 2203 1300 2285 quaedam

276 2341 323 2386 777
349 2319 494 2402 semina,
515 2340 597 2402 quae
620 2339 687 2385 0070
712 2326 785 2384 0007
808 2319 909 2383 oeulis
930 2317 1063 2382 inmissa
1086 2319 1234 2395 1000007,

348 2435 490 2520 pupillas
513 2435 595 2500 70707
618 2433 742 2498 10717007
765 2451 935 2515 aeremque
959 2433 1103 2498 (10107070

348 2550 574 2633 7770017007,οῐ
596 2557 755 2632 nequeant
777 2554 888 2613 eontra
910 2547 1028 2612 durare
1050 2547 1194 2632 serenes3

350 2685 417 2729 0070
442 2671 549 2729 707000
573 2665 653 2729 17000
676 2673 802 2730 uestras
825 2663 912 2729 aeies
936 2663 980 2725 nil
1002 2663 1131 2728 laedere
1153 2662 1297 2746 possint,

350 2785 406 2844 aut
429 2779 505 2860 quia
527 2799 592 2844 000
614 2785 800 2863 penetrant,
818 2783 872 2842 7077
895 2775 979 2858 qued
1002 2775 1240 2861 penetrantibus
1263 2777 1330 2841 71170

277 2916 325 2962 770
350 2895 453 2958 exitus
477 2913 516 2958 ex
539 2893 641 2959 oeulis
663 2893 746 2958 liber
769 2891 880 2976 datur,
897 2893 929 2956 in
952 2891 1144 2957 remorando

350 3008 481 3074 laedere
503 3029 543 3074 ne
563 3009 688 3092 pbssint
711 3027 749 3071 ex
773 3007 840 3071 ulla
862 3005 983 3070 lumina
1005 3011 1096 3090 parte
1109 3003 1133 3092 .]

307 3099 309 3104 ι
388 3123 481 3188 Nune
502 3143 584 3207 age,
602 3141 686 3205 quae
709 3125 860 3187 moveant
882 3122 1020 3185 animum
1044 3139 1095 3186 700
1117 3119 1248 3204 0007770,
1266 3127 1297 3184 07
1320 3121 1406 3183 uude

351 3257 434 3320 quae
456 3237 586 3301 veniunt
608 3237 791 3302 7007077770
813 3241 951 3301 mentem
973 3239 1103 3319 percipe
1124 3234 1258 3319 paneis.

350 3352 507 3437 principio
531 3351 591 3416 hee
613 3351 706 3435 (1700,
723 3371 826 3416 rerum
851 3351 1023 3416 simulacra
1045 3349 1154 3434 vagari

277 3487 325 3533 777
351 3467 451 3530 muita
474 3463 577 3530 modis
598 3467 706 3531 7001770
728 3466 760 3530 70
784 3473 913 3531 0000700
936 3465 1077 3547 undique
1099 3465 1200 3548 partis

351 3581 477 3664 tenvia,
495 3599 577 3662 quae
601 3580 697 3645 facile
719 3581 801 3645 inter
823 3599 858 3645 00
881 3579 1053 3663 iunguntur
1074 3577 1108 3642 777
1131 3578 1238 3660 auris,

352 3696 447 3761 obvia
471 3715 540 3759 eum
564 3695 714 3772 veniunt,
731 3701 765 3758 ut
786 3713 906 3760 aranea
928 3693 1117 3775 bratteaque
1141 3692 1231 3756 auri.

353 3811 471 3894 quippe
495 3808 611 3874 etenim
634 3807 732 3872 multo
755 3808 859 3890 magis
882 3808 960 3871 baee
983 3813 1056 3871 sunt
1077 3807 1185 3871 tenvia
1207 3811 1295 3870 textu

353 3943 449 4007 quam
473 3943 554 4006 quae
576 3923 755 4008 percipiunt
777 3922 887 3987 oeulos
909 3921 1076 4002 visumque
1097 3921 1278 3996 1770000007,

279 4059 328 4107 730
354 4025 496 4124 emporis
518 4039 600 4105 haee
622 4037 773 4122 quoniam
795 4041 964 4121 penetrant
985 4053 1044 4120 per
1066 4055 1159 4112 rara,
1177 4034 1322 4116 cientque
1362 4113 1367 4122 .

352 4160 478 4220 tenvem
501 4153 599 4220 animi
621 4161 765 4218 naturam
787 4151 870 4216 intus
893 4169 1088 4232 sensumque
1111 4149 1289 4214 iacessunt.

468 4315 553 4322 ...-..«,

357 4403 405 4452 tle
420 4399 486 4466 Qum
503 4397 516 4468 ΙΙ
536 4397 747 4466 explaudentibus
767 4393 781 4466 Η
803 4399 851 4444 712
865 4395 947 4466 rapidi
968 4393 982 4464 Η
1004 4398 1053 4445 7171
1067 4396 1131 4444 71077.
1154 4390 1166 4464 {t
1188 4397 1236 4442 tal
1252 4393 1311 4442 viiia
1328 4385 1341 4458 Η
1363 4391 1413 4436 ῖὸῡ
1426 4399 1462 4434 an
