3052 5144
595 465 610 529 1

55 659 176 722 cun-pore
197 639 371 704 seiunctum
393 644 614 718 secretumque
637 655 708 702 esse
732 637 773 700 ab
795 636 902 712 inani,

54 755 130 836 quud
153 755 240 835 quasi
262 753 353 828 tertia
375 752 416 822 sit
436 771 571 816 numero
594 757 707 816 natura
728 758 875 834 reperta.

53 887 119 932 uam
141 869 222 952 quod
246 885 380 950 euntque
403 868 483 944 erit,
507 886 578 932 esse
600 866 723 948 aliquid
746 865 875 932 debebit
896 865 927 929 id
953 866 1079 949 ipsum:

7 1005 33 1048 uu
55 983 144 1056 enisi
165 989 267 1048 tactus
289 983 348 1048 erit
370 981 514 1064 quamvis
537 981 616 1048 levis
639 981 856 1065 exiguusque,

6 1117 32 1162 m
54 1095 192 1180 augmine
215 1098 265 1162 vel
288 1096 473 1180 grandinat
498 1116 598 1179 parvo
623 1095 781 1177 denique,
806 1095 880 1158 dum
904 1097 965 1170 sit,

7 1231 32 1275 m
54 1213 184 1296 eorporis
205 1212 337 1295 augebit
360 1229 523 1276 nnmerum
547 1229 766 1292 summamque
789 1216 959 1292 sequetur:

54 1327 97 1391 sin
118 1326 256 1391 intantile
280 1327 359 1403 erit,
383 1325 472 1391 nulia
494 1323 534 1390 de
558 1332 647 1408 parte
671 1325 758 1406 quud
781 1326 877 1390 ullam

54 1459 111 1506 rem
132 1441 300 1526 prohibere
324 1448 422 1522 queat
443 1461 498 1524 per
520 1461 556 1506 se
578 1439 735 1505 transeire
756 1448 935 1525 meantem,
990 1481 995 1493 ·

54 1557 179 1639 scilieet,
203 1557 263 1621 buu
286 1555 319 1618 id
343 1557 420 1632 erit,
444 1575 588 1628 vanuum
603 1554 688 1636 quud
712 1557 810 1622 inane
834 1573 1004 1620 vocamus.

6 1689 33 1732 m
55 1676 207 1752 praeterea
231 1691 288 1754 pen
311 1689 347 1736 se
370 1669 612 1752 quodcumque
635 1671 713 1754 enit,
737 1677 792 1744 aut
818 1670 913 1736 suuiet
937 1669 1013 1762 quini

53 1790 101 1848 aut
122 1786 189 1850 aliis
212 1785 305 1867 fungi
329 1785 459 1850 debebit
481 1785 647 1869 agentibus
670 1785 794 1869 ipsum,

54 1907 104 1963 aut
123 1901 178 1965 erit
200 1907 234 1964 ut
258 1901 382 1984 possint
403 1901 437 1964 in
459 1920 496 1965 eo
520 1919 570 1965 res
594 1919 666 1966 esse
690 1901 842 1982 gmiqne:

55 2020 83 2077 at
101 2015 202 2081 fauere
225 2023 259 2080 et
280 2015 371 2100 iungi
394 2017 465 2082 siue
487 2035 619 2098 empore
642 2015 732 2080 nulla
753 2021 859 2098 potest
884 2035 958 2100 res,

55 2147 106 2194 neu
125 2131 280 2214 praebere
303 2131 408 2196 ionum
432 2151 525 2214 porro
549 2130 610 2196 nisi
633 2131 728 2195 inane
750 2149 952 2214 vacansque.

0 2280 3 2287 ›
25 2261 38 2304 :›
60 2261 142 2324 argu,
164 2251 295 2330 praeter
315 2246 412 2310 inane
436 2251 467 2310 et
489 2266 644 2330 uorpom,
667 2245 758 2309 tertia
780 2267 838 2330 per
861 2265 896 2310 se

58 2357 134 2424 nulia
153 2369 263 2452 puteat
285 2380 386 2424 rerum
411 2359 443 2424 iu
464 2380 598 2426 numero
621 2367 735 2424 nutura
757 2361 912 2446 relinqui,

56 2493 107 2538 nea
127 2495 207 2558 qnae
230 2475 293 2542 snb
317 2485 438 2540 seusus
453 2473 550 2540 eadat
572 2475 637 2538 ulio
661 2481 804 2559 tempure
826 2483 973 2553 nostros,

55 2592 249 2656 uectatione
273 2589 370 2654 animi
394 2611 487 2671 qnam
512 2591 680 2672 quisquam
703 2591 805 2675 possit
828 2592 950 2674 apisci.

92 2705 279 2788 Numquae
303 2724 437 2786 eumque
460 2705 588 2782 eluant,
612 2713 666 2770 aut
690 2705 737 2770 his
762 2707 932 2770 coniuncta
955 2706 1079 2770 duabus

9 2834 34 2880 uu
55 2817 141 2883 rebus
163 2841 203 2886 ea
225 2820 372 2884 invenies
395 2827 450 2884 aut
474 2819 584 2883 borum
609 2827 721 2884 eventa
744 2819 888 2884 videbis.

54 2934 246 3001 coniunctum
273 2933 376 2999 estid
399 2931 484 3014 qnod
509 2953 664 3014 nusquam
690 2934 760 2998 sine
782 2933 948 3016 perniciali

54 3045 179 3114 dissidio
203 3049 289 3134 potis
312 3053 361 3112 est
383 3047 506 3130 seiungi
531 3067 630 3129 seque
653 3049 801 3130 gregari;

55 3163 172 3244 pondus
195 3165 242 3228 uti
266 3163 386 3238 saxist,
409 3161 496 3226 aalm-
518 3162 622 3247 ignis,
646 3163 750 3244 liquor
773 3163 889 3245 aquai.

8 3293 33 3337 u,
55 3279 210 3343 servitium
234 3283 366 3355 eontra,
391 3283 583 3362 paupertas,
608 3277 822 3360 divitiaeque,

55 3390 197 3470 libertas,
222 3391 363 3468 beilum,
387 3393 577 3474 cuncordia,
602 3401 710 3457 uetera
732 3413 865 3473 quarum

55 3505 185 3572 aduentu
210 3511 318 3572 manet
340 3506 509 3571 incolumia
532 3515 647 3571 natura
670 3507 843 3590 annaque,

55 3619 128 3686 haee
149 3621 236 3687 soliti
260 3641 390 3704 sumus,
414 3627 447 3685 nt
469 3642 527 3704 pur
551 3627 619 3699 est,
644 3628 757 3686 eventu
780 3641 915 3685 vesane.

55 3741 172 3820 tempus
193 3738 271 3802 item
293 3753 407 3820 per‘se
431 3757 493 3801 uon
517 3743 585 3818 est,
610 3735 667 3802 sed
690 3737 786 3802 rebus
809 3737 849 3801 ab
872 3737 951 3820 ipsis

8 3863 35 3908 uu
57 3851 255 3933 consequitur
278 3871 411 3928 sensus,
434 3855 631 3916 transactum
655 3851 729 3932 quid
753 3853 793 3916 sit
816 3853 847 3915 iu
869 3843 968 3934 aevu,

57 3968 113 4028 tmn
137 3987 221 4049 qnae
244 3987 296 4032 res
319 3968 432 4044 instet,
458 3967 534 4048 qnid
557 3985 652 4049 porro
677 3964 794 4030 deinde
817 3971 988 4048 suquatur:

114 4149 254 4158 ...—--.-.

62 4265 104 4308 438
122 4275 235 4317 mansere
255 4267 269 4334 lt
293 4271 343 4318 442
363 4279 467 4332 possunt
487 4265 500 4336 ΙΙ
525 4272 576 4318 aab
597 4270 678 4317 uiuent
698 4265 712 4336 ΙΙ
736 4267 992 4318 conniunctuntuubus.
1014 4266 1027 4335 ΙΙ
1052 4271 1099 4316 451
1122 4283 1176 4330 pen-

62 4349 161 4400 mitiuii.
187 4351 201 4422 ΙΙ
228 4359 278 4404 45¹2
298 4357 432 4420 greugnni.
460 4353 472 4424 Η
497 4359 548 4405 453
567 4357 636 4405 suxis
657 4352 670 4422 Η
689 4371 785 4418 aquae.
807 4353 820 4422 ss
845 4359 895 4403 4:34
915 4357 1010 4404 'Factus
1029 4353 1177 4418 aequoribus

63 4441 150 4488 nunctis
169 4443 280 4492 intactus
299 4445 385 4492 inauli.
413 4439 426 4510 Η
452 4447 503 4491 tua
523 4444 672 4506 divineque.
698 4441 711 4512 Η
735 4447 786 4492 auu
805 4453 894 4492 euentu

957 4545 977 4608 2
