2996 5148
525 419 569 485 Vl

34 593 120 658 llicet
141 593 210 658 hinc
231 593 325 659 etiam
348 611 566 677 cognoscere.
584 593 719 660 caedere
742 592 769 657 si
792 611 888 674 quem

34 709 121 792 pulpiti
142 707 251 774 videas
272 707 358 774 ferro
380 708 491 794 procul
514 707 638 774 arboris
660 713 808 782 auctum,

34 829 70 888 ute
88 821 119 888 fit
138 829 171 890 ut
192 843 306 890 ceruus
328 823 425 890 ictum
449 841 545 905 quam
568 823 668 908 plaga
690 842 747 908 per
769 815 867 890 auris*

34 945 56 1002 et
72 939 197 1004 scritum
211 963 218 1003 ε
234 939 281 1006 sic
303 939 464 1025 fulgurem
488 957 616 1022 quoque
639 937 798 1004 ceruimus
821 945 897 1004 ante

34 1073 88 1117 uam
107 1054 251 1118 tonitrum
275 1054 470 1138 accipimus,
486 1053 605 1138 puriter
627 1052 680 1136 qui
704 1052 835 1118 mittitur
857 1054 922 1138 igni

45 1168 122 1232 simili
144 1189 258 1244 causa,
275 1189 431 1235 concursu
454 1175 548 1234 uatus
572 1169 705 1234 eodem.

44 1283 97 1348 Huc
116 1283 205 1348 etiam
229 1291 323 1368 pacto
346 1283 467 1350 volucri
490 1283 562 1350 luca
584 1283 704 1350 lumine
725 1285 852 1369 tingunt

34 1397 90 1462 ries
110 1405 138 1462 et
157 1399 294 1464 tremulo
315 1403 490 1483 tempestas
512 1398 631 1482 impete
653 1397 769 1481 fulgit.

34 1521 101 1578 entus
121 1513 171 1580 ubi
192 1513 312 1580 invasit
332 1514 448 1579 nubem
473 1517 506 1578 et
527 1521 673 1580 versatus
694 1513 813 1582 ibidem

34 1629 70 1692 rit
87 1635 117 1694 ut
136 1635 206 1696 cute
228 1648 343 1694 cavam
365 1627 460 1694 docui
483 1627 680 1713 spissescere
702 1629 839 1706 nubem,

35 1743 154 1808 utilitate
175 1763 234 1809 sua
255 1743 425 1827 fervescit3
442 1749 476 1808 ut
499 1743 606 1810 umuia
629 1749 716 1810 metu

34 1856 192 1924 rrurlefactc
213 1857 308 1924 vides
330 1856 519 1941 ardescere,
536 1858 687 1942 plumbea
710 1877 786 1922 vero

34 1971 186 2038 lucretiam
210 1974 312 2058 louge
335 1992 429 2039 eursu
450 1972 613 2038 volvenda
635 1973 785 2038 calescit.

34 2103 69 2168 rgo
87 2086 219 2154 fervidus
241 2087 297 2152 hic
319 2087 435 2152 nubem
459 2107 529 2152 cum
552 2087 705 2172 perscidit
727 2093 848 2172 atram,

34 2197 116 2284 liuiput
136 2201 262 2268 ardoris
286 2201 380 2284 quasi
401 2223 458 2287 per
480 2201 541 2266 vim
567 2221 721 2286 expressa
742 2209 874 2286 repente

34 2315 121 2392 terte,
138 2337 221 2400 quae
244 2315 369 2382 faciunt
390 2316 542 2382 nictantia
564 2315 695 2398 fulgura
718 2315 887 2384 flammae:

34 2425 72 2491 lde
87 2453 174 2498 sonus
198 2431 366 2514 sequitur,
383 2432 437 2513 qui
459 2430 583 2497 tardius
606 2431 715 2498 adficit
737 2432 824 2498 auris

34 2557 82 2604 uam
101 2565 177 2627 quae
199 2545 396 2630 perveniunt
418 2547 582 2612 oculorum
606 2545 649 2612 ad
671 2546 792 2611 lumina
815 2555 944 2614 nostre.

35 2655 123 2744 ilicet,
139 2662 198 2728 huc
221 2661 335 2726 densis
358 2661 392 2726 lit
413 2661 551 2726 nubibus
574 2666 607 2726 et
627 2660 721 2726 simul
743 2661 807 2726 alte

35 2774 128 2840 structis
150 2776 222 2842 aliie
245 2775 330 2840 elias
353 2793 449 2859 super
471 2775 590 2859 impete
612 2775 712 2838 miro.

36 2890 209 2972 »ntemplatur
232 2891 340 2972 euim,
356 2909 427 2954 curu
450 2889 610 2954 montibus
633 2887 828 2952 adsimulata

36 2997 97 3084 ubila
115 3005 287 3086 portabunt
309 3005 392 3068 venti
416 3009 602 3070 transversa
623 3021 682 3086 per
703 3021 820 3080 auras,

36 3115 50 3170 tt
68 3113 112 3178 ubi
133 3137 186 3200 per
208 3137 349 3200 maguus
370 3119 486 3184 montis
509 3115 670 3184 cumulate
692 3115 815 3180 videbis

37 3243 203 3310 superesse
226 3233 301 3300 aliis
323 3231 389 3298 elia
411 3239 506 3314 etque
529 3249 666 3312 urguere
689 3249 829 3314 superne

52 3343 171 3411 statium
192 3347 304 3412 locate
326 3347 460 3430 sepultis
482 3347 624 3428 undique
646 3345 769 3426 veutis;

37 3455 103 3520 rtibi
123 3461 162 3526 sit
183 3461 270 3528 frudi
295 3461 381 3543 quud
403 3481 463 3526 uos
485 3459 610 3524 inferne
633 3459 778 3526 videmus

38 3583 83 3632 ltu
101 3574 159 3638 sint
179 3576 247 3641 luta
269 3575 375 3656 magis
398 3595 494 3656 quem
518 3593 642 3640 sursum
665 3581 810 3640 extructa
831 3573 909 3656 quid
931 3583 1059 3642 extent,

38 3697 58 3740 ¹11
77 3691 184 3766 puteris
208 3709 346 3771 maguae
369 3690 470 3754 mules
493 3707 687 3773 cognoscere
710 3709 819 3754 eorum

38 3793 213 3885 cluucusque
237 3805 288 3870 vel
311 3809 346 3868 ut
367 3803 455 3868 serie
478 3801 681 3886 pendentibu'
705 3808 839 3868 structas

39 3923 135 3999 tmere,
151 3935 232 4000 quae
253 3919 340 3984 venti
364 3937 435 3984 cum
457 3922 648 4000 tempestate
671 3921 781 3981 coorta

72 4095 182 4109 ·—-—-—

41 4210 167 4280 ’‘l'ugiplti
180 4219 265 4270 uideat
284 4215 297 4285 ΙΙ
321 4221 369 4268 170
388 4217 514 4282 fulgurem
535 4215 548 4286 ΙΙ
571 4221 620 4269 118
639 4219 756 4270 ardescere
777 4215 789 4286 ll
812 4221 860 4268 179
874 4219 997 4282 quiescit.
1018 4217 1032 4288 ΙΙ
1054 4221 1103 4270 180

40 4299 125 4352 tutudit
144 4303 157 4370 Η
183 4309 232 4356 183
252 4306 340 4356 educit
363 4305 377 4372 ΙΙ
405 4308 453 4356 185
473 4305 535 4356 alti.
557 4303 570 4374 ΙΙ
592 4309 638 4356 191
660 4307 745 4356 cutem
772 4303 785 4372 Η
808 4309 855 4356 192
874 4321 999 4371 sulpeum.
1020 4307 1034 4376 ΙΙ
1056 4309 1104 4357 193

40 4381 92 4434 derue
110 4387 121 4454 Η
143 4393 189 4442 188
208 4393 242 4442 uit
264 4389 279 4460 ll
304 4393 411 4442 extricta

841 4487 906 4558 14*
