3020 5146
537 437 594 500 llll

24 629 86 674 nam
106 607 233 673 dubium
257 627 319 674 non
342 613 409 684 est,
425 607 544 671 animai
568 607 644 688 quin
667 625 765 690 opera
787 607 829 672 sit

24 743 119 788 sensns
142 725 191 788 hie
211 723 245 786 in
267 722 380 806 nobis,
397 741 489 804 quem
511 741 581 786 cum
606 739 702 804 sopor
725 721 848 805 inpedit
869 741 960 801 esee,

24 845 77 902 turn
95 837 183 903 nobis
206 837 345 902 animam
368 837 580 920 perturbatam
604 854 677 900 esse
700 835 907 920 putandumst

25 952 202 1035 eiectamque
227 951 337 1033 foras;
354 971 418 1016 non
442 967 568 1014 emnem
582 975 588 1014 :
604 970 742 1032 namque
764 951 883 1016 iaceret

27 1074 135 1132 aeterno
156 1087 271 1152 corpus
293 1066 456 1151 perfusum
479 1063 600 1146 frigore
622 1065 696 1130 leti.

27 1181 140 1266 quippe,
157 1183 209 1247 ubi
233 1183 325 1247 nulla
347 1181 450 1248 latens
474 1181 592 1246 animai
615 1201 692 1265 pars
715 1190 893 1250 remaneret

26 1295 51 1358 in
68 1299 222 1372 membris,
240 1297 350 1364 cinere
371 1303 405 1361 nt
427 1297 527 1362 multa
549 1296 627 1361 latet
649 1295 781 1362 obrutus
802 1297 906 1382 ignis,

25 1411 90 1476 unde
110 1413 277 1479 reconflari
301 1433 414 1479 sensus
436 1432 494 1498 per
515 1412 658 1477 membra
680 1419 810 1496 repente

26 1535 129 1606 posset,
144 1535 176 1593 ut
197 1549 238 1594 ex
264 1529 332 1612 igni
356 1529 451 1594 cacco'
475 1549 666 1610 consurgere
689 1527 846 1593 flamma?
896 1545 907 1584 c

55 1639 108 1704 Sed
128 1643 238 1724 quibus
265 1643 344 1709 haec
366 1645 462 1708 rebus
483 1644 609 1708 novitas
632 1643 765 1728 eonfiat,
783 1650 815 1707 et
836 1643 919 1709 unde

25 1757 175 1838 perturbari
198 1759 311 1824 anima
333 1761 365 1824 et
386 1777 501 1842 corpus
524 1757 732 1841 languescere
755 1759 876 1842 possit,
981 1795 994 1807 ··

27 1871 187 1952 expediam:
203 1879 237 1938 tu
260 1875 314 1938 fae
335 1893 375 1938 ne
397 1873 500 1938 ventis
522 1874 621 1938 rerba
643 1873 857 1957 profundam.

28 1987 153 2073 principio
175 1995 313 2054 externa
335 2007 450 2073 eorpus
472 1989 513 2052 de
536 1994 627 2072 parte
648 2006 814 2054 necessum
839 1995 907 2074 est,

32 2101 102 2168 atriis
120 2103 273 2186 quoniam
295 2103 432 2170 vicinum
456 2103 598 2188 tangitur
620 2104 725 2182 auris,

34 2215 238 2301 audieratque
263 2218 307 2282 ab
329 2218 399 2283 ibus
422 2218 533 2284 erebro
557 2217 714 2302 pulsarier
736 2218 819 2297 ictu,

37 2338 234 2416 proptereaque
259 2333 327 2398 fere
348 2353 399 2398 res
422 2353 533 2399 omnes
556 2339 612 2398 aut
635 2333 721 2398 oo'rio
746 2341 818 2400 sunt

37 2449 167 2512 autetiam
191 2445 327 2512 conchis
349 2455 405 2514 ant
426 2449 511 2514 callo
535 2455 591 2514 aut
613 2449 729 2514 cortice
751 2455 875 2516 tectae.

32 2557 179 2628 interiorem
201 2563 302 2628 etiam
323 2569 445 2646 partem
469 2563 662 2648 spirantibus
685 2571 739 2629 atr

29 2675 145 2741 verberat
166 2678 217 2743 iric
240 2676 349 2761 idem,
367 2697 436 2742 eum
460 2677 584 2742 ducitur
606 2683 702 2760 atque
724 2678 872 2748 reflatur.

29 2806 104 2866 quare
124 2793 280 2875 utrimque
301 2811 393 2856 secus
416 2811 486 2857 cum
510 2811 624 2877 corpus
646 2793 796 2877 vapulet,
814 2799 845 2859 et
867 2815 938 2860 eum

30 2905 186 2982 perveniant
207 2909 329 2992 plagae
351 2927 408 2990 per
429 2927 528 2991 parra
550 2907 707 2972 foramina
729 2908 822 2973 nobis

27 3020 139 3100 corporis
160 3021 200 3089 nd
222 3021 347 3107 primas
369 3021 469 3105 partis
491 3021 710 3104 elementaque
734 3021 858 3106 prima,

27 3127 52 3192 it
68 3137 146 3214 quasi
168 3135 324 3222 paulatim
347 3135 441 3202 nobis
464 3155 520 3219 per
543 3137 684 3200 membra
704 3136 815 3200 ruina.

28 3251 224 3315 conturbantur
248 3250 333 3316 enim
356 3251 519 3335 positurae
543 3251 769 3335 principiorum

29 3365 141 3443 torporis
163 3372 261 3448 atque
285 3365 381 3429 animi
396 3413 402 3428 .
419 3365 453 3430 lit
475 3365 521 3429 uti
544 3385 617 3448 pars
640 3365 714 3430 inde
738 3366 855 3431 animai

29 3471 153 3556 eiciatur,
170 3487 201 3546 et
224 3481 394 3546 introrsum
416 3499 491 3564 pars
513 3479 624 3544 abdita
648 3479 759 3564 cedat,

29 3593 188 3664 pometiam
212 3593 366 3660 distracta
388 3613 445 3679 per
467 3601 554 3660 artus
577 3615 640 3658 non
665 3601 760 3676 queat
783 3613 854 3659 esse

30 3703 163 3771 coniuncta
186 3708 270 3774 inter
292 3729 326 3774 se
349 3727 454 3790 neque
477 3713 563 3773 motu
586 3715 692 3772 mutua
714 3708 826 3791 fungi:

31 3809 90 3879 inter
109 3821 185 3886 enim
209 3823 316 3908 saepit
338 3828 446 3887 coetus
469 3829 584 3888 natura
607 3823 753 3904 viasque:

31 3941 86 4008 trgc
105 3953 213 4002 sensus
235 3937 304 4002 abit
326 3937 455 4002 mutatis
477 3937 614 4002 motibus
638 3939 722 4003 alte.

33 4045 53 4100 et
70 4049 207 4124 quoniam
228 4069 294 4115 non
316 4059 365 4117 est
385 4052 481 4134 quasi
504 4051 589 4134 quod
611 4053 768 4119 suffulciat
790 4061 897 4139 artus,

33 4149 115 4224 debile
135 4163 166 4228 tit
188 4185 323 4249 corpus,
340 4166 615 4250 languescuntque
638 4168 746 4234 omnia
767 4169 928 4254 membra,

34 4399 71 4446 999
87 4404 161 4460 Possit
179 4409 193 4482 Η
213 4415 263 4464 929
282 4414 376 4466 conflat
397 4411 410 4482 ΙΙ
432 4417 481 4466 994
501 4423 577 4480 atque
595 4415 648 4464 eius
668 4411 682 4483 ΙΙ
702 4415 751 4465 936
770 4419 839 4482 gallo
859 4417 873 4484 Η
894 4419 944 4466 945
964 4415 1086 4466 Elieintnr

885 4521 923 4582 10
