<?xml version="1.0" encoding="UTF-8"?>
<!DOCTYPE html PUBLIC "-//W3C//DTD XHTML 1.0 Transitional//EN"
    "http://www.w3.org/TR/xhtml1/DTD/xhtml1-transitional.dtd">
<html xmlns="http://www.w3.org/1999/xhtml" xml:lang="en" lang="en">
 <head>
  <title>
</title>
<meta http-equiv="Content-Type" content="text/html;charset=utf-8" />
  <meta name='ocr-system' content='tesseract 3.04.00' />
  <meta name='ocr-capabilities' content='ocr_page ocr_carea ocr_par ocr_line ocrx_word'/>
</head>
<body>
  <div class='ocr_page' id='page_1' title='image "./tlucreticarider24carugoog_0236.png"; bbox 0 0 2996 5148; ppageno 0'>
   <div class='ocr_carea' id='block_1_1' title="bbox 553 444 598 508">
    <p class='ocr_par' dir='ltr' id='par_1_1' title="bbox 553 444 598 508">
     <span class='ocr_line' id='line_1_1' title="bbox 553 444 598 508; baseline 0 0"><span class='ocrx_word' id='word_1_1' title='bbox 553 444 598 508; x_wconf 87' lang='lat' dir='ltr'><strong>Vl</strong></span> 
     </span>
    </p>
   </div>
   <div class='ocr_carea' id='block_1_2' title="bbox 4 614 828 700">
    <p class='ocr_par' dir='ltr' id='par_1_2' title="bbox 4 614 828 700">
     <span class='ocr_line' id='line_1_2' title="bbox 4 614 828 700; baseline -0.005 -18"><span class='ocrx_word' id='word_1_2' title='bbox 4 616 174 700; x_wconf 73' lang='lat' dir='ltr'><strong>urreliqniaa</strong></span> <span class='ocrx_word' id='word_1_3' title='bbox 194 617 278 682; x_wconf 80' lang='lat' dir='ltr'><strong>ritae</strong></span> <span class='ocrx_word' id='word_1_4' title='bbox 301 615 451 680; x_wconf 84' lang='lat' dir='ltr'><strong>membris</strong></span> <span class='ocrx_word' id='word_1_5' title='bbox 472 633 513 679; x_wconf 84' lang='lat' dir='ltr'><strong>ex</strong></span> <span class='ocrx_word' id='word_1_6' title='bbox 536 615 682 680; x_wconf 76' lang='lat' dir='ltr'><strong>omnibus</strong></span> <span class='ocrx_word' id='word_1_7' title='bbox 704 614 828 679; x_wconf 82' lang='lat' dir='ltr'><strong>aufert.</strong></span> 
     </span>
    </p>
   </div>
   <div class='ocr_carea' id='block_1_3' title="bbox 4 729 1084 2724">
    <p class='ocr_par' dir='ltr' id='par_1_3' title="bbox 4 729 1084 2724">
     <span class='ocr_line' id='line_1_3' title="bbox 4 729 1011 822; baseline -0.002 -28"><span class='ocrx_word' id='word_1_8' title='bbox 4 731 5 822; x_wconf 69' lang='lat' dir='ltr'><strong>l</strong></span> <span class='ocrx_word' id='word_1_9' title='bbox 43 732 140 816; x_wconf 89' lang='lat' dir='ltr'><strong>quippe</strong></span> <span class='ocrx_word' id='word_1_10' title='bbox 160 730 274 796; x_wconf 80' lang='lat' dir='ltr'><strong>etenim</strong></span> <span class='ocrx_word' id='word_1_11' title='bbox 298 730 400 814; x_wconf 87' lang='lat' dir='ltr'><strong>primo</strong></span> <span class='ocrx_word' id='word_1_12' title='bbox 422 731 516 812; x_wconf 82' lang='lat' dir='ltr'><strong>quusi</strong></span> <span class='ocrx_word' id='word_1_13' title='bbox 540 729 698 810; x_wconf 88' lang='lat' dir='ltr'><strong>quendam</strong></span> <span class='ocrx_word' id='word_1_14' title='bbox 721 730 844 794; x_wconf 78' lang='lat' dir='ltr'><strong>conciet</strong></span> <span class='ocrx_word' id='word_1_15' title='bbox 867 735 1011 794; x_wconf 82' lang='lat' dir='ltr'><strong>coetum:</strong></span> 
     </span>
     <span class='ocr_line' id='line_1_4' title="bbox 4 825 801 929; baseline -0.003 -19"><span class='ocrx_word' id='word_1_16' title='bbox 4 825 5 900; x_wconf 71' lang='lat' dir='ltr'><strong>l</strong></span> <span class='ocrx_word' id='word_1_17' title='bbox 43 847 178 929; x_wconf 75' lang='lat' dir='ltr'><strong>posterius</strong></span> <span class='ocrx_word' id='word_1_18' title='bbox 199 845 233 910; x_wconf 88' lang='lat' dir='ltr'><strong>tit</strong></span> <span class='ocrx_word' id='word_1_19' title='bbox 254 845 322 922; x_wconf 85' lang='lat' dir='ltr'><strong>uti,</strong></span> <span class='ocrx_word' id='word_1_20' title='bbox 339 865 410 910; x_wconf 91' lang='lat' dir='ltr'><strong>eum</strong></span> <span class='ocrx_word' id='word_1_21' title='bbox 432 844 496 908; x_wconf 85' lang='lat' dir='ltr'><strong>iem</strong></span> <span class='ocrx_word' id='word_1_22' title='bbox 519 843 666 910; x_wconf 90' lang='lat' dir='ltr'><strong>cecidere</strong></span> <span class='ocrx_word' id='word_1_23' title='bbox 688 844 801 909; x_wconf 87' lang='lat' dir='ltr'><strong>veneni</strong></span> 
     </span>
     <span class='ocr_line' id='line_1_5' title="bbox 4 957 849 1043; baseline 0 -21"><span class='ocrx_word' id='word_1_24' title='bbox 4 981 5 1008; x_wconf 55' lang='lat'>1</span> <span class='ocrx_word' id='word_1_25' title='bbox 44 960 171 1024; x_wconf 80' lang='lat' dir='ltr'><strong>insontis</strong></span> <span class='ocrx_word' id='word_1_26' title='bbox 192 959 364 1043; x_wconf 79' lang='lat' dir='ltr'><strong>ipsos,ibi</strong></span> <span class='ocrx_word' id='word_1_27' title='bbox 386 959 428 1024; x_wconf 82' lang='lat' dir='ltr'><strong>sit</strong></span> <span class='ocrx_word' id='word_1_28' title='bbox 450 977 577 1041; x_wconf 88' lang='lat' dir='ltr'><strong>qnoque</strong></span> <span class='ocrx_word' id='word_1_29' title='bbox 599 958 665 1022; x_wconf 82' lang='lat' dir='ltr'><strong>vite</strong></span> <span class='ocrx_word' id='word_1_30' title='bbox 688 957 849 1022; x_wconf 85' lang='lat' dir='ltr'><strong>vomendo</strong></span> 
     </span>
     <span class='ocr_line' id='line_1_6' title="bbox 4 1015 873 1158; baseline -0.002 -21"><span class='ocrx_word' id='word_1_31' title='bbox 4 1015 6 1112; x_wconf 75' lang='lat' dir='ltr'><strong>i</strong></span> <span class='ocrx_word' id='word_1_32' title='bbox 44 1080 191 1158; x_wconf 78' lang='lat' dir='ltr'><strong>propterca</strong></span> <span class='ocrx_word' id='word_1_33' title='bbox 213 1073 302 1156; x_wconf 88' lang='lat' dir='ltr'><strong>qnod</strong></span> <span class='ocrx_word' id='word_1_34' title='bbox 324 1093 445 1158; x_wconf 83' lang='lat' dir='ltr'><strong>magna</strong></span> <span class='ocrx_word' id='word_1_35' title='bbox 466 1071 542 1136; x_wconf 84' lang='lat' dir='ltr'><strong>muli</strong></span> <span class='ocrx_word' id='word_1_36' title='bbox 565 1070 600 1136; x_wconf 87' lang='lat' dir='ltr'><strong>iit</strong></span> <span class='ocrx_word' id='word_1_37' title='bbox 621 1072 713 1156; x_wconf 87' lang='lat' dir='ltr'><strong>copia</strong></span> <span class='ocrx_word' id='word_1_38' title='bbox 735 1071 873 1136; x_wconf 90' lang='lat' dir='ltr'><strong>oireum.</strong></span> 
     </span>
     <span class='ocr_line' id='line_1_7' title="bbox 4 1185 1084 1272; baseline -0.004 -18"><span class='ocrx_word' id='word_1_39' title='bbox 4 1185 27 1258; x_wconf 76' lang='lat' dir='ltr'><strong>&#39;u</strong></span> <span class='ocrx_word' id='word_1_40' title='bbox 75 1189 116 1252; x_wconf 83' lang='lat' dir='ltr'><strong>lit</strong></span> <span class='ocrx_word' id='word_1_41' title='bbox 136 1209 260 1272; x_wconf 83' lang='lat' dir='ltr'><strong>quoque</strong></span> <span class='ocrx_word' id='word_1_42' title='bbox 284 1193 321 1252; x_wconf 90' lang='lat' dir='ltr'><strong>ut</strong></span> <span class='ocrx_word' id='word_1_43' title='bbox 341 1188 423 1252; x_wconf 88' lang='lat' dir='ltr'><strong>inter</strong></span> <span class='ocrx_word' id='word_1_44' title='bbox 446 1185 520 1250; x_wconf 94' lang='lat' dir='ltr'><strong>dum</strong></span> <span class='ocrx_word' id='word_1_45' title='bbox 543 1186 591 1252; x_wconf 85' lang='lat' dir='ltr'><strong>vis</strong></span> <span class='ocrx_word' id='word_1_46' title='bbox 614 1185 696 1251; x_wconf 86' lang='lat' dir='ltr'><strong>haec</strong></span> <span class='ocrx_word' id='word_1_47' title='bbox 718 1195 813 1269; x_wconf 89' lang='lat' dir='ltr'><strong>atque</strong></span> <span class='ocrx_word' id='word_1_48' title='bbox 835 1193 943 1250; x_wconf 81' lang='lat' dir='ltr'><strong>aestus</strong></span> <span class='ocrx_word' id='word_1_49' title='bbox 965 1185 1084 1252; x_wconf 79' lang='lat' dir='ltr'><strong>Averni</strong></span> 
     </span>
     <span class='ocr_line' id='line_1_8' title="bbox 4 1299 943 1390; baseline 0 -24"><span class='ocrx_word' id='word_1_50' title='bbox 4 1299 6 1390; x_wconf 72' lang='lat' dir='ltr'><strong>l</strong></span> <span class='ocrx_word' id='word_1_51' title='bbox 44 1311 117 1386; x_wconf 73' lang='lat' dir='ltr'><strong>atra,</strong></span> <span class='ocrx_word' id='word_1_52' title='bbox 134 1305 183 1386; x_wconf 87' lang='lat' dir='ltr'><strong>qui</strong></span> <span class='ocrx_word' id='word_1_53' title='bbox 207 1304 292 1368; x_wconf 91' lang='lat' dir='ltr'><strong>inter</strong></span> <span class='ocrx_word' id='word_1_54' title='bbox 317 1302 386 1368; x_wconf 83' lang='lat' dir='ltr'><strong>orie</strong></span> <span class='ocrx_word' id='word_1_55' title='bbox 408 1307 576 1382; x_wconf 80' lang='lat' dir='ltr'><strong>cumquest</strong></span> <span class='ocrx_word' id='word_1_56' title='bbox 596 1306 777 1382; x_wconf 81' lang='lat' dir='ltr'><strong>terramque</strong></span> <span class='ocrx_word' id='word_1_57' title='bbox 799 1302 943 1376; x_wconf 83' lang='lat' dir='ltr'><strong>locatus,</strong></span> 
     </span>
     <span class='ocr_line' id='line_1_9' title="bbox 4 1411 895 1503; baseline 0 -23"><span class='ocrx_word' id='word_1_58' title='bbox 4 1411 6 1500; x_wconf 72' lang='lat' dir='ltr'><strong>i</strong></span> <span class='ocrx_word' id='word_1_59' title='bbox 44 1417 185 1496; x_wconf 73' lang='lat' dir='ltr'><strong>dimitat,</strong></span> <span class='ocrx_word' id='word_1_60' title='bbox 200 1439 305 1503; x_wconf 82' lang='lat' dir='ltr'>prope</span> <span class='ocrx_word' id='word_1_61' title='bbox 327 1417 372 1482; x_wconf 94' lang='lat' dir='ltr'><strong>uti</strong></span> <span class='ocrx_word' id='word_1_62' title='bbox 395 1417 486 1483; x_wconf 80' lang='lat' dir='ltr'><strong>loeus</strong></span> <span class='ocrx_word' id='word_1_63' title='bbox 509 1415 561 1481; x_wconf 88' lang='lat' dir='ltr'><strong>hic</strong></span> <span class='ocrx_word' id='word_1_64' title='bbox 583 1416 748 1498; x_wconf 84' lang='lat' dir='ltr'><strong>linquatur</strong></span> <span class='ocrx_word' id='word_1_65' title='bbox 770 1416 895 1481; x_wconf 83' lang='lat' dir='ltr'><strong>inanis.</strong></span> 
     </span>
     <span class='ocr_line' id='line_1_10' title="bbox 45 1531 795 1614; baseline 0.001 -19"><span class='ocrx_word' id='word_1_66' title='bbox 45 1533 112 1597; x_wconf 83' lang='lat' dir='ltr'><strong>ruins</strong></span> <span class='ocrx_word' id='word_1_67' title='bbox 130 1533 179 1598; x_wconf 87' lang='lat' dir='ltr'><strong>ubi</strong></span> <span class='ocrx_word' id='word_1_68' title='bbox 203 1553 221 1598; x_wconf 89' lang='lat' dir='ltr'><strong>e</strong></span> <span class='ocrx_word' id='word_1_69' title='bbox 244 1533 380 1614; x_wconf 80' lang='lat' dir='ltr'><strong>regione</strong></span> <span class='ocrx_word' id='word_1_70' title='bbox 403 1532 466 1598; x_wconf 92' lang='lat' dir='ltr'><strong>loci</strong></span> <span class='ocrx_word' id='word_1_71' title='bbox 489 1550 605 1598; x_wconf 87' lang='lat' dir='ltr'><strong>venere</strong></span> <span class='ocrx_word' id='word_1_72' title='bbox 628 1531 795 1608; x_wconf 77' lang='lat' dir='ltr'><strong>volentes,</strong></span> 
     </span>
     <span class='ocr_line' id='line_1_11' title="bbox 45 1645 812 1733; baseline 0.001 -24"><span class='ocrx_word' id='word_1_73' title='bbox 45 1648 175 1714; x_wconf 73' lang='lat' dir='ltr'><strong>claudicat</strong></span> <span class='ocrx_word' id='word_1_74' title='bbox 196 1648 363 1732; x_wconf 82' lang='lat' dir='ltr'><strong>extemplo</strong></span> <span class='ocrx_word' id='word_1_75' title='bbox 385 1648 551 1733; x_wconf 84' lang='lat' dir='ltr'><strong>pinnarum</strong></span> <span class='ocrx_word' id='word_1_76' title='bbox 574 1647 663 1712; x_wconf 77' lang='lat' dir='ltr'><strong>nisus</strong></span> <span class='ocrx_word' id='word_1_77' title='bbox 686 1645 812 1730; x_wconf 82' lang='lat' dir='ltr'><strong>inanis,</strong></span> 
     </span>
     <span class='ocr_line' id='line_1_12' title="bbox 6 1761 863 1846; baseline 0 -22"><span class='ocrx_word' id='word_1_78' title='bbox 6 1774 31 1825; x_wconf 80' lang='lat' dir='ltr'><strong>tu</strong></span> <span class='ocrx_word' id='word_1_79' title='bbox 47 1771 67 1824; x_wconf 80' lang='lat' dir='ltr'><strong>rt</strong></span> <span class='ocrx_word' id='word_1_80' title='bbox 85 1783 230 1829; x_wconf 82' lang='lat' dir='ltr'><strong>conamen</strong></span> <span class='ocrx_word' id='word_1_81' title='bbox 252 1763 415 1846; x_wconf 83' lang='lat' dir='ltr'><strong>utrimque</strong></span> <span class='ocrx_word' id='word_1_82' title='bbox 437 1764 560 1828; x_wconf 87' lang='lat' dir='ltr'><strong>alarum</strong></span> <span class='ocrx_word' id='word_1_83' title='bbox 584 1761 736 1846; x_wconf 78' lang='lat' dir='ltr'><strong>proditur.</strong></span> <span class='ocrx_word' id='word_1_84' title='bbox 750 1783 863 1828; x_wconf 89' lang='lat' dir='ltr'><strong>omne.</strong></span> 
     </span>
     <span class='ocr_line' id='line_1_13' title="bbox 46 1876 795 1961; baseline 0.005 -23"><span class='ocrx_word' id='word_1_85' title='bbox 46 1876 82 1940; x_wconf 83' lang='lat' dir='ltr'><strong>lic</strong></span> <span class='ocrx_word' id='word_1_86' title='bbox 98 1879 143 1944; x_wconf 91' lang='lat' dir='ltr'><strong>nbi</strong></span> <span class='ocrx_word' id='word_1_87' title='bbox 165 1881 270 1944; x_wconf 80' lang='lat' dir='ltr'><strong>nixari</strong></span> <span class='ocrx_word' id='word_1_88' title='bbox 296 1884 461 1961; x_wconf 89' lang='lat' dir='ltr'><strong>noqueunt</strong></span> <span class='ocrx_word' id='word_1_89' title='bbox 482 1877 693 1960; x_wconf 79' lang='lat' dir='ltr'><strong>insistereque</strong></span> <span class='ocrx_word' id='word_1_90' title='bbox 715 1876 795 1959; x_wconf 83' lang='lat' dir='ltr'><strong>alis,</strong></span> 
     </span>
     <span class='ocr_line' id='line_1_14' title="bbox 48 1991 759 2076; baseline 0 -22"><span class='ocrx_word' id='word_1_91' title='bbox 48 1991 158 2072; x_wconf 77' lang='lat' dir='ltr'><strong>seilicet,</strong></span> <span class='ocrx_word' id='word_1_92' title='bbox 173 1993 204 2058; x_wconf 93' lang='lat' dir='ltr'><strong>in</strong></span> <span class='ocrx_word' id='word_1_93' title='bbox 228 2001 355 2060; x_wconf 88' lang='lat' dir='ltr'><strong>terram</strong></span> <span class='ocrx_word' id='word_1_94' title='bbox 378 1991 486 2058; x_wconf 81' lang='lat' dir='ltr'><strong>delabi</strong></span> <span class='ocrx_word' id='word_1_95' title='bbox 507 1993 650 2076; x_wconf 86' lang='lat' dir='ltr'><strong>pondere</strong></span> <span class='ocrx_word' id='word_1_96' title='bbox 673 1991 759 2073; x_wconf 86' lang='lat' dir='ltr'><strong>cogit</strong></span> 
     </span>
     <span class='ocr_line' id='line_1_15' title="bbox 49 2106 933 2192; baseline 0.003 -25"><span class='ocrx_word' id='word_1_97' title='bbox 49 2115 149 2186; x_wconf 81' lang='lat' dir='ltr'><strong>rama,</strong></span> <span class='ocrx_word' id='word_1_98' title='bbox 165 2115 196 2174; x_wconf 91' lang='lat' dir='ltr'><strong>et</strong></span> <span class='ocrx_word' id='word_1_99' title='bbox 218 2128 361 2174; x_wconf 84' lang='lat' dir='ltr'><strong>vacuum</strong></span> <span class='ocrx_word' id='word_1_100' title='bbox 384 2127 484 2192; x_wconf 86' lang='lat' dir='ltr'><strong>prope</strong></span> <span class='ocrx_word' id='word_1_101' title='bbox 506 2107 570 2172; x_wconf 87' lang='lat' dir='ltr'><strong>iam</strong></span> <span class='ocrx_word' id='word_1_102' title='bbox 594 2106 769 2190; x_wconf 88' lang='lat' dir='ltr'><strong>perinane</strong></span> <span class='ocrx_word' id='word_1_103' title='bbox 791 2106 933 2172; x_wconf 80' lang='lat' dir='ltr'><strong>iacentes</strong></span> 
     </span>
     <span class='ocr_line' id='line_1_16' title="bbox 53 2220 883 2322; baseline 0.001 -38.962"><span class='ocrx_word' id='word_1_104' title='bbox 20 2220 204 2308; x_wconf 74' lang='lat' dir='ltr'><strong>dispergunt</strong></span> <span class='ocrx_word' id='word_1_105' title='bbox 226 2226 359 2288; x_wconf 85' lang='lat' dir='ltr'><strong>animae</strong></span> <span class='ocrx_word' id='word_1_106' title='bbox 380 2243 436 2322; x_wconf 78' lang='lat' dir='ltr'><strong>per</strong></span> <span class='ocrx_word' id='word_1_107' title='bbox 458 2223 570 2288; x_wconf 79' lang='lat' dir='ltr'><strong>caulae</strong></span> <span class='ocrx_word' id='word_1_108' title='bbox 593 2221 736 2307; x_wconf 85' lang='lat' dir='ltr'><strong>eorporis</strong></span> <span class='ocrx_word' id='word_1_109' title='bbox 760 2221 883 2287; x_wconf 81' lang='lat' dir='ltr'><strong>onmis.</strong></span> 
     </span>
     <span class='ocr_line' id='line_1_17' title="bbox 533 2339 553 2378; baseline 0 0"><span class='ocrx_word' id='word_1_110' title='bbox 533 2339 553 2378; x_wconf 67' lang='lat' dir='ltr'><strong>u</strong></span> 
     </span>
     <span class='ocr_line' id='line_1_18' title="bbox 54 2453 940 2538; baseline 0 -22"><span class='ocrx_word' id='word_1_111' title='bbox 54 2471 91 2516; x_wconf 80' lang='lat' dir='ltr'><strong>ron</strong></span> <span class='ocrx_word' id='word_1_112' title='bbox 108 2455 180 2520; x_wconf 88' lang='lat' dir='ltr'><strong>mihi</strong></span> <span class='ocrx_word' id='word_1_113' title='bbox 203 2455 232 2520; x_wconf 81' lang='lat' dir='ltr'><strong>ai</strong></span> <span class='ocrx_word' id='word_1_114' title='bbox 257 2453 395 2538; x_wconf 84' lang='lat' dir='ltr'><strong>linguae</strong></span> <span class='ocrx_word' id='word_1_115' title='bbox 417 2458 545 2520; x_wconf 89' lang='lat' dir='ltr'><strong>centum</strong></span> <span class='ocrx_word' id='word_1_116' title='bbox 567 2453 630 2520; x_wconf 84' lang='lat' dir='ltr'><strong>eiot</strong></span> <span class='ocrx_word' id='word_1_117' title='bbox 652 2473 772 2535; x_wconf 85' lang='lat' dir='ltr'><strong>oraque</strong></span> <span class='ocrx_word' id='word_1_118' title='bbox 794 2459 940 2536; x_wconf 82' lang='lat' dir='ltr'><strong>centum,</strong></span> 
     </span>
     <span class='ocr_line' id='line_1_19' title="bbox 52 2584 220 2649; baseline 0.042 -21"><span class='ocrx_word' id='word_1_119' title='bbox 52 2584 118 2635; x_wconf 85' lang='lat' dir='ltr'><strong>urm</strong></span> <span class='ocrx_word' id='word_1_120' title='bbox 136 2589 220 2649; x_wconf 77' lang='lat' dir='ltr'><strong>vox,</strong></span> 
     </span>
     <span class='ocr_line' id='line_1_20' title="bbox 534 2685 553 2724; baseline 0 0"><span class='ocrx_word' id='word_1_121' title='bbox 534 2685 553 2724; x_wconf 55' lang='grc' dir='ltr'>ἓ</span> 
     </span>
    </p>
   </div>
   <div class='ocr_carea' id='block_1_4' title="bbox 533 2797 983 2956">
    <p class='ocr_par' dir='ltr' id='par_1_4' title="bbox 533 2797 983 2956">
     <span class='ocr_line' id='line_1_21' title="bbox 707 2797 983 2882; baseline -0.004 -20"><span class='ocrx_word' id='word_1_122' title='bbox 707 2799 860 2866; x_wconf 84' lang='lat' dir='ltr'><strong>menoibn&#39;</strong></span> <span class='ocrx_word' id='word_1_123' title='bbox 882 2797 983 2882; x_wconf 79' lang='lat' dir='ltr'><strong>frigus</strong></span> 
     </span>
     <span class='ocr_line' id='line_1_22' title="bbox 533 2915 552 2956; baseline 0 0"><span class='ocrx_word' id='word_1_124' title='bbox 533 2915 552 2956; x_wconf 69' lang='lat' dir='ltr'><strong>e</strong></span> 
     </span>
    </p>
   </div>
   <div class='ocr_carea' id='block_1_5' title="bbox 533 3031 1003 3186">
    <p class='ocr_par' dir='ltr' id='par_1_5' title="bbox 533 3031 1003 3186">
     <span class='ocr_line' id='line_1_23' title="bbox 633 3031 1003 3112; baseline 0 -18"><span class='ocrx_word' id='word_1_125' title='bbox 633 3049 844 3112; x_wconf 78' lang='lat' dir='ltr'><strong>cunctaeque</strong></span> <span class='ocrx_word' id='word_1_126' title='bbox 868 3031 1003 3094; x_wconf 82' lang='lat' dir='ltr'><strong>ceminio</strong></span> 
     </span>
     <span class='ocr_line' id='line_1_24' title="bbox 533 3145 553 3186; baseline 0 0"><span class='ocrx_word' id='word_1_127' title='bbox 533 3145 553 3186; x_wconf 71' lang='lat' dir='ltr'><strong>a</strong></span> 
     </span>
    </p>
   </div>
   <div class='ocr_carea' id='block_1_6' title="bbox 10 3259 929 4149">
    <p class='ocr_par' dir='ltr' id='par_1_6' title="bbox 10 3259 929 4149">
     <span class='ocr_line' id='line_1_25' title="bbox 341 3259 535 3324; baseline -0.005 0"><span class='ocrx_word' id='word_1_128' title='bbox 341 3279 381 3324; x_wconf 91' lang='lat' dir='ltr'><strong>ne</strong></span> <span class='ocrx_word' id='word_1_129' title='bbox 403 3259 535 3324; x_wconf 88' lang='lat' dir='ltr'><strong>oblimet</strong></span> 
     </span>
     <span class='ocr_line' id='line_1_26' title="bbox 534 3377 554 3418; baseline 0 0"><span class='ocrx_word' id='word_1_130' title='bbox 534 3377 554 3418; x_wconf 74' lang='lat' dir='ltr'><strong>a</strong></span> 
     </span>
     <span class='ocr_line' id='line_1_27' title="bbox 10 3483 803 3578; baseline 0.008 -28"><span class='ocrx_word' id='word_1_131' title='bbox 10 3496 34 3540; x_wconf 70' lang='lat' dir='ltr'><strong>u,</strong></span> <span class='ocrx_word' id='word_1_132' title='bbox 48 3483 163 3568; x_wconf 79' lang='lat' dir='ltr'><strong>trigidior</strong></span> <span class='ocrx_word' id='word_1_133' title='bbox 184 3513 284 3578; x_wconf 89' lang='lat' dir='ltr'><strong>porro</strong></span> <span class='ocrx_word' id='word_1_134' title='bbox 308 3491 342 3556; x_wconf 93' lang='lat' dir='ltr'><strong>in</strong></span> <span class='ocrx_word' id='word_1_135' title='bbox 364 3492 468 3576; x_wconf 85' lang='lat' dir='ltr'><strong>puteis</strong></span> <span class='ocrx_word' id='word_1_136' title='bbox 491 3495 614 3556; x_wconf 81' lang='lat' dir='ltr'><strong>aestate</strong></span> <span class='ocrx_word' id='word_1_137' title='bbox 636 3491 671 3556; x_wconf 91' lang='lat' dir='ltr'><strong>fit</strong></span> <span class='ocrx_word' id='word_1_138' title='bbox 692 3511 803 3575; x_wconf 87' lang='lat' dir='ltr'><strong>umor,</strong></span> 
     </span>
     <span class='ocr_line' id='line_1_28' title="bbox 49 3606 865 3690; baseline 0 -20"><span class='ocrx_word' id='word_1_139' title='bbox 49 3607 153 3672; x_wconf 68' lang='lat' dir='ltr'><strong>munit</strong></span> <span class='ocrx_word' id='word_1_140' title='bbox 173 3609 253 3690; x_wconf 85' lang='lat' dir='ltr'><strong>quie</strong></span> <span class='ocrx_word' id='word_1_141' title='bbox 276 3613 365 3672; x_wconf 85' lang='lat' dir='ltr'><strong>terre</strong></span> <span class='ocrx_word' id='word_1_142' title='bbox 387 3607 515 3682; x_wconf 83' lang='lat' dir='ltr'><strong>calore,</strong></span> <span class='ocrx_word' id='word_1_143' title='bbox 532 3614 563 3671; x_wconf 89' lang='lat' dir='ltr'><strong>et</strong></span> <span class='ocrx_word' id='word_1_144' title='bbox 584 3606 707 3672; x_wconf 86' lang='lat' dir='ltr'><strong>semina</strong></span> <span class='ocrx_word' id='word_1_145' title='bbox 729 3607 757 3672; x_wconf 85' lang='lat' dir='ltr'><strong>ei</strong></span> <span class='ocrx_word' id='word_1_146' title='bbox 780 3624 865 3688; x_wconf 88' lang='lat' dir='ltr'><strong>quae</strong></span> 
     </span>
     <span class='ocr_line' id='line_1_29' title="bbox 49 3711 894 3807; baseline 0.005 -27"><span class='ocrx_word' id='word_1_147' title='bbox 49 3711 107 3780; x_wconf 81' lang='lat' dir='ltr'><strong>sorte</strong></span> <span class='ocrx_word' id='word_1_148' title='bbox 127 3723 257 3807; x_wconf 78' lang='lat' dir='ltr'><strong>vaporis</strong></span> <span class='ocrx_word' id='word_1_149' title='bbox 280 3721 380 3787; x_wconf 85' lang='lat' dir='ltr'><strong>habet</strong></span> <span class='ocrx_word' id='word_1_150' title='bbox 392 3773 399 3798; x_wconf 96' lang='lat'><strong>‚</strong></span> <span class='ocrx_word' id='word_1_151' title='bbox 413 3740 551 3806; x_wconf 88' lang='lat' dir='ltr'><strong>propero</strong></span> <span class='ocrx_word' id='word_1_152' title='bbox 574 3720 700 3786; x_wconf 89' lang='lat' dir='ltr'><strong>dimittit</strong></span> <span class='ocrx_word' id='word_1_153' title='bbox 720 3723 752 3784; x_wconf 93' lang='lat' dir='ltr'><strong>in</strong></span> <span class='ocrx_word' id='word_1_154' title='bbox 776 3739 894 3784; x_wconf 85' lang='lat' dir='ltr'><strong>ouras.</strong></span> 
     </span>
     <span class='ocr_line' id='line_1_30' title="bbox 49 3835 788 3919; baseline -0.012 -13"><span class='ocrx_word' id='word_1_155' title='bbox 49 3847 93 3906; x_wconf 71' lang='lat' dir='ltr'><strong>llo</strong></span> <span class='ocrx_word' id='word_1_156' title='bbox 113 3838 211 3919; x_wconf 81' lang='lat' dir='ltr'><strong>magio</strong></span> <span class='ocrx_word' id='word_1_157' title='bbox 232 3845 287 3903; x_wconf 83' lang='lat' dir='ltr'><strong>eet</strong></span> <span class='ocrx_word' id='word_1_158' title='bbox 308 3836 405 3917; x_wconf 78' lang='lat' dir='ltr'><strong>igitur</strong></span> <span class='ocrx_word' id='word_1_159' title='bbox 426 3835 522 3900; x_wconf 85' lang='lat' dir='ltr'><strong>tellus</strong></span> <span class='ocrx_word' id='word_1_160' title='bbox 544 3835 639 3902; x_wconf 84' lang='lat' dir='ltr'><strong>effeta</strong></span> <span class='ocrx_word' id='word_1_161' title='bbox 661 3835 788 3912; x_wconf 83' lang='lat' dir='ltr'><strong>calore,</strong></span> 
     </span>
     <span class='ocr_line' id='line_1_31' title="bbox 49 3937 929 4035; baseline 0.002 -25"><span class='ocrx_word' id='word_1_162' title='bbox 49 3937 71 4002; x_wconf 80' lang='lat' dir='ltr'><strong>fil</strong></span> <span class='ocrx_word' id='word_1_163' title='bbox 88 3965 205 4030; x_wconf 90' lang='lat' dir='ltr'><strong>quoque</strong></span> <span class='ocrx_word' id='word_1_164' title='bbox 227 3949 376 4035; x_wconf 83' lang='lat' dir='ltr'><strong>frigidior</strong></span> <span class='ocrx_word' id='word_1_165' title='bbox 399 3949 453 4033; x_wconf 92' lang='lat' dir='ltr'><strong>qui</strong></span> <span class='ocrx_word' id='word_1_166' title='bbox 475 3951 508 4014; x_wconf 94' lang='lat' dir='ltr'><strong>in</strong></span> <span class='ocrx_word' id='word_1_167' title='bbox 530 3956 647 4014; x_wconf 85' lang='lat' dir='ltr'><strong>terrast</strong></span> <span class='ocrx_word' id='word_1_168' title='bbox 668 3950 795 4014; x_wconf 83' lang='lat' dir='ltr'><strong>abditus</strong></span> <span class='ocrx_word' id='word_1_169' title='bbox 819 3969 929 4014; x_wconf 91' lang='lat' dir='ltr'><strong>umor.</strong></span> 
     </span>
     <span class='ocr_line' id='line_1_32' title="bbox 12 4053 913 4149; baseline 0.007 -26"><span class='ocrx_word' id='word_1_170' title='bbox 12 4064 36 4104; x_wconf 71' lang='lat'><strong>⁸¹²</strong></span> <span class='ocrx_word' id='word_1_171' title='bbox 50 4053 142 4140; x_wconf 77' lang='lat' dir='ltr'><strong>frigore</strong></span> <span class='ocrx_word' id='word_1_172' title='bbox 164 4081 234 4128; x_wconf 89' lang='lat' dir='ltr'><strong>eum</strong></span> <span class='ocrx_word' id='word_1_173' title='bbox 258 4063 412 4148; x_wconf 88' lang='lat' dir='ltr'><strong>premitur</strong></span> <span class='ocrx_word' id='word_1_174' title='bbox 433 4085 529 4149; x_wconf 88' lang='lat' dir='ltr'><strong>porro</strong></span> <span class='ocrx_word' id='word_1_175' title='bbox 553 4064 656 4130; x_wconf 83' lang='lat' dir='ltr'><strong>omnis</strong></span> <span class='ocrx_word' id='word_1_176' title='bbox 678 4071 763 4130; x_wconf 88' lang='lat' dir='ltr'><strong>terra</strong></span> <span class='ocrx_word' id='word_1_177' title='bbox 785 4063 913 4146; x_wconf 85' lang='lat' dir='ltr'><strong>coitque</strong></span> 
     </span>
    </p>
   </div>
   <div class='ocr_carea' id='block_1_7' title="bbox 78 4229 222 4242">
    <p class='ocr_par' dir='ltr' id='par_1_7' title="bbox 78 4229 222 4242">
     <span class='ocr_line' id='line_1_33' title="bbox 78 4229 222 4242; baseline 0 0"><span class='ocrx_word' id='word_1_178' title='bbox 78 4229 222 4242; x_wconf 31' lang='lat'><strong>*⁸*</strong></span> 
     </span>
    </p>
   </div>
   <div class='ocr_carea' id='block_1_8' title="bbox 54 4333 1147 4494">
    <p class='ocr_par' dir='ltr' id='par_1_8' title="bbox 54 4297 1147 4494">
     <span class='ocr_line' id='line_1_34' title="bbox 54 4333 1147 4406; baseline 0.007 -28"><span class='ocrx_word' id='word_1_179' title='bbox 54 4333 90 4378; x_wconf 63' lang='lat' dir='ltr'><strong>iti</strong></span> <span class='ocrx_word' id='word_1_180' title='bbox 107 4335 154 4386; x_wconf 70' lang='lat' dir='ltr'><strong>rita</strong></span> <span class='ocrx_word' id='word_1_181' title='bbox 170 4333 184 4405; x_wconf 85' lang='grc' dir='ltr'><strong>ΙΙ</strong></span> <span class='ocrx_word' id='word_1_182' title='bbox 209 4340 258 4388; x_wconf 80' lang='grc'><strong>881</strong></span> <span class='ocrx_word' id='word_1_183' title='bbox 281 4347 410 4400; x_wconf 78' lang='lat' dir='ltr'><strong>torumque</strong></span> <span class='ocrx_word' id='word_1_184' title='bbox 434 4335 448 4406; x_wconf 73' lang='grc' dir='ltr'><strong>ΙΙ</strong></span> <span class='ocrx_word' id='word_1_185' title='bbox 474 4340 524 4388; x_wconf 80' lang='lat'><strong>832</strong></span> <span class='ocrx_word' id='word_1_186' title='bbox 543 4339 603 4390; x_wconf 86' lang='lat' dir='ltr'><strong>hinc</strong></span> <span class='ocrx_word' id='word_1_187' title='bbox 622 4339 744 4402; x_wconf 86' lang='lat' dir='ltr'><strong>linquitur</strong></span> <span class='ocrx_word' id='word_1_188' title='bbox 764 4337 777 4404; x_wconf 75' lang='grc' dir='ltr'>Η</span> <span class='ocrx_word' id='word_1_189' title='bbox 798 4339 848 4386; x_wconf 86' lang='grc'><strong>888</strong></span> <span class='ocrx_word' id='word_1_190' title='bbox 868 4354 882 4387; x_wconf 85' lang='lat' dir='ltr'><strong>e</strong></span> <span class='ocrx_word' id='word_1_191' title='bbox 900 4339 956 4389; x_wconf 76' lang='lat' dir='ltr'><strong>dir.</strong></span> <span class='ocrx_word' id='word_1_192' title='bbox 982 4336 995 4406; x_wconf 88' lang='grc' dir='ltr'><strong>ΙΙ</strong></span> <span class='ocrx_word' id='word_1_193' title='bbox 1022 4341 1073 4386; x_wconf 74' lang='grc'><strong>840</strong></span> <span class='ocrx_word' id='word_1_194' title='bbox 1092 4339 1147 4400; x_wconf 82' lang='lat' dir='ltr'><strong>Qun</strong></span> 
     </span>
     <span class='ocr_line' id='line_1_35' title="bbox 54 4411 821 4494; baseline -0.007 -17"><span class='ocrx_word' id='word_1_195' title='bbox 54 4411 149 4476; x_wconf 53' lang='lat' dir='ltr'><strong>frigidior</strong></span> <span class='ocrx_word' id='word_1_196' title='bbox 167 4421 181 4492; x_wconf 81' lang='grc' dir='ltr'><strong>ΙΙ</strong></span> <span class='ocrx_word' id='word_1_197' title='bbox 199 4427 247 4474; x_wconf 76' lang='grc'><strong>841</strong></span> <span class='ocrx_word' id='word_1_198' title='bbox 271 4425 373 4475; x_wconf 77' lang='lat' dir='ltr'><strong>Arcucit</strong></span> <span class='ocrx_word' id='word_1_199' title='bbox 392 4424 405 4492; x_wconf 77' lang='grc' dir='ltr'>Η</span> <span class='ocrx_word' id='word_1_200' title='bbox 425 4426 487 4473; x_wconf 78' lang='lat' dir='ltr'><strong>semi</strong></span> <span class='ocrx_word' id='word_1_201' title='bbox 506 4427 596 4487; x_wconf 78' lang='lat' dir='ltr'><strong>eique.</strong></span> <span class='ocrx_word' id='word_1_202' title='bbox 617 4423 630 4494; x_wconf 76' lang='grc' dir='ltr'>Η</span> <span class='ocrx_word' id='word_1_203' title='bbox 651 4429 700 4482; x_wconf 73' lang='lat'><strong>842</strong></span> <span class='ocrx_word' id='word_1_204' title='bbox 720 4426 821 4488; x_wconf 81' lang='lat' dir='ltr'><strong>proprie</strong></span> 
     </span>
    </p>
   </div>
   <div class='ocr_carea' id='block_1_9' title="bbox 0 0 1502 5148">
    <p class='ocr_par' dir='ltr' id='par_1_9' title="bbox 0 0 1502 5148">
     <span class='ocr_line' id='line_1_36' title="bbox 0 0 1502 5148; baseline 0 0"><span class='ocrx_word' id='word_1_205' title='bbox 0 0 1502 5148; x_wconf 95' lang='lat' dir='ltr'><strong> </strong></span> 
     </span>
    </p>
   </div>
  </div>
 </body>
</html>
