3096 5142
324 385 389 452 240
649 479 651 484 ,
855 383 900 448 1v

229 555 231 560 ’
324 554 412 642 apud
427 554 568 621 Nonium
583 573 617 638 p.
626 552 731 638 453st
757 553 928 619 Praeterea
945 554 1046 640 paeri,
1069 552 1245 638 quadratus
1259 554 1417 642 Ptoptereu

323 658 411 724 radit
421 655 637 742 ,Veronensis
649 653 747 721 editio
759 655 894 722 Praeter
903 655 1092 740 radd,1tali
1103 664 1137 722 et
1148 656 1320 722 Brixieusis
1331 655 1418 720 Prae

323 774 370 826 ter
379 759 468 826 radit
479 761 577 842 ouria,
591 757 744 824 Marullus
756 759 889 824 Praeter
900 759 980 824 ear'm
993 757 1081 824 radit
1091 807 1098 822 .
1110 759 1284 845 Propterea
1293 757 1421 844 probant

322 859 543 928 Wakefieidus
558 868 590 928 et
605 859 760 944 Forbiger
774 909 783 946 ,
799 861 854 945 qui
877 861 939 926 sibi
960 869 1054 947 turpe
1072 881 1137 926 nou
1155 867 1270 946 putant
1283 861 1420 945 ignorare

322 983 406 1050 qaae
428 963 612 1031 Gronovius
635 963 764 1050 scripsit
785 963 819 1030 iu
842 963 1101 1030 observationum
1122 985 1168 1048 111,
1187 965 1227 1031 19
1248 984 1281 1048 p.
1295 963 1363 1030 606.

408 1067 481 1133 532.
515 1067 693 1133 Scrurcur
725 1086 906 1130 uxruurrs
935 1087 1090 1138 Quoouu
1117 1087 1235 1132 ussus
1263 1085 1422 1132 aturrus

185 1253 187 1256 Ι
321 1191 405 1235 osus
422 1215 430 1236 .
447 1169 498 1235 lta
517 1167 695 1254 quadratus
712 1191 720 1234 ι
743 1168 902 1253 oblongus
916 1168 1063 1252 reditur,
1078 1169 1183 1235 Italiei
1196 1168 1341 1236 reddisse
1355 1218 1363 1234 .
1376 1168 1422 1234 bie

261 1307 264 1316 ·
320 1272 405 1339 idem
427 1272 609 1340 Gronovius
631 1271 798 1338 ‘Putemut
819 1273 960 1358 saplutus
982 1295 1058 1338 oras
1081 1271 1145 1338 diei
1165 1295 1173 1336 ε
1196 1270 1256 1339 sed
1281 1271 1355 1357 quid
1379 1278 1422 1338 est

321 1377 453 1462 supletis
472 1377 537 1442 ord
558 1376 690 1440 ianuam
711 1374 808 1440 radi?
829 1375 926 1440 immo
941 1388 1078 1444 vaenum
1093 1381 1126 1440 et
1140 1375 1368 1461 spiramentum
1381 1375 1422 1459 ip

320 1501 390 1546 sum
414 1467 584 1564 expletur,
608 1495 685 1543 orae
708 1483 814 1543 autem
827 1477 992 1544 raduntur
1008 1479 1026 1542 .’
1050 1472 1160 1563 itaque
1181 1477 1298 1563 probat
1319 1477 1422 1562 despe-

319 1581 455 1649 ratiouis
483 1581 612 1666 plenum
640 1579 952 1668 Marullieamrilium
972 1630 980 1664 ,
1003 1582 1057 1666 qui
1084 1581 1214 1667 seripsit
1244 1587 1310 1646 toto
1337 1599 1422 1648 versu

320 1684 446 1750 adiecto
458 1683 585 1752 Scilicet
596 1684 730 1771 eaplstsir
744 1705 866 1770 qaoque
877 1685 978 1749 ianua
989 1683 1135 1750 redditor
1145 1685 1212 1750 orsa
1224 1685 1339 1750 Rauca
1349 1685 1421 1764 sto,

320 1801 348 1854 et
362 1788 422 1853 iter
437 1783 613 1872 taedetque
628 1809 689 1852 eoa
703 1786 728 1851 it
743 1786 778 1850 in
793 1809 913 1853 amas.
929 1787 1008 1854 satis
1020 1793 1091 1853 erat
1104 1806 1170 1853 uua
1184 1786 1293 1853 littera
1306 1785 1423 1854 sublate

319 1909 387 1956 rem
402 1888 539 1956 eandem
554 1887 682 1956 effioere
703 1886 764 1954 hoo
785 1886 903 1971 modo,
919 1887 1045 1957 Selium
1064 1911 1223 1954 susurru
1245 1913 1364 1977 qaoque
1381 1890 1421 1953 iu

318 2017 384 2060 roua
405 1991 533 2058 raderer
554 1993 641 2057 ores.
663 2011 700 2058 os
723 1997 829 2058 autom
851 1993 1009 2079 expletum
1031 1998 1080 2058 osi
1103 1999 1160 2059 aui
1180 1997 1283 2058 toltum
1304 1991 1422 2078 plenum

318 2113 398 2162 vose
411 2095 542 2178 eiusque
557 2092 762 2179 primordiis,
778 2099 836 2160 aut
845 2093 872 2160 si
885 2093 1113 2177 grammatieos
1124 2096 1310 2179 sequimur,
1325 2095 1422 2162 axina

319 2198 419 2264 nilum
436 2246 442 2261 .
460 2195 573 2264 eadem
596 2196 790 2280 ambiguitas
812 2201 862 2262 est
882 2195 916 2262 iu
933 2217 975 2279 rr,
991 2196 1093 2280 1203,
1111 2195 1422 2285 campestresque

319 2301 451 2388 expletis
472 2301 604 2365 naribus
626 2300 692 2366 dat
707 2347 715 2365 .
732 2300 877 2365 Donatus
899 2297 941 2364 ed
964 2300 1106 2366 Terentii
1129 2299 1291 2386 Heeyram
1305 2298 1421 2384 v,1,29

318 2402 458 2490 Eoeplere
472 2425 537 2489 pro
553 2401 719 2468 saluauit-e
736 2402 958 2468 Terauriraam
977 2415 1021 2468 est
1037 2449 1045 2468 .
1061 2421 1103 2468 ex
1118 2402 1226 2490 Capro
1241 2403 1371 2470 Servius
1384 2399 1422 2468 nd
1528 2461 1529 2466 ,

319 2507 399 2570 Aen.
415 2525 457 2588 v1,
469 2503 533 2572 545
549 2509 580 2570 et
596 2503 719 2571 Nonius
739 2524 772 2590 p.
788 2503 860 2588 298,
876 2503 914 2567 11
931 2503 1072 2590 Euplere
1085 2553 1094 2588 ,
1109 2507 1253 2573 minuere
1268 2553 1276 2570 .
1292 2506 1421 2573 Serenus

318 2607 506 2674 Samouieus
528 2613 636 2673 nmen
658 2605 701 2672 ad
720 2606 902 2672 Lucretium
924 2605 1100 2692 respieieus
1119 2607 1250 2694 plenam
1272 2627 1350 2676 vose
1369 2609 1423 2674 der
1527 2661 1528 2678 .

317 2708 1141 2794 raesens,asenaruaaraaafaaa*
1159 2709 1422 2778 abraame-
1527 2679 1528 2730 ³

317 2837 385 2878 mor
405 2812 518 2899 frusto
539 2835 609 2876 eam
627 2809 718 2895 forts
744 2833 855 2876 sonore
877 2810 1011 2878 Plenam
1032 2811 1122 2878 rudit
1142 2814 1229 2879 s'ter:
1249 2821 1334 2880 eorde
1354 2811 1422 2878 Pla·

317 2939 416 2997 nam,
437 2913 522 2998 quod
547 2911 592 2977 ibi
614 2911 712 2994 vulgo
734 2911 876 2996 legitur,
895 2931 961 2978 uou
983 2913 1157 2998 intellego.

401 3017 475 3084 552.
503 3035 546 3080 ur
568 3034 655 3079 runs
677 3034 772 3078 usvo
794 3035 955 3078 unrrosu
978 3035 1171 3082 eausruu.
1192 3017 1349 3084 Marullus
1369 3037 1422 3080 us·
1526 3047 1527 3064 κ

317 3139 440 3184 voss.
462 3117 521 3185 sed
544 3116 720 3183 Lambinus
742 3116 862 3202 primus
886 3122 918 3182 st
943 3137 1064 3183 uaros
1091 3119 1264 3204 legendum
1291 3118 1370 3186 vidit
1394 3121 1422 3184 et

317 3219 376 3287 hos
392 3239 504 3286 versm
519 3239 577 3286 suo
592 3219 663 3284 loeo
679 3219 787 3304 posuit
804 3268 811 3304 ,
828 3217 869 3284 de
884 3223 1020 3304 utreque
1035 3267 1043 3304 ,
1059 3227 1095 3286 ut
1116 3220 1216 3304 dieit,
1233 3242 1256 3288 a
1276 3221 1421 3288 librorum
1525 3249 1526 3252 ¹

316 3329 408 3408 perte
424 3322 605 3388 admonitus
619 3343 627 3408 ;
643 3321 698 3406 qui
713 3321 827 3406 quales
843 3320 965 3387 fuerint
980 3322 1166 3406 ignoramus
1182 3373 1190 3389 .
1206 3321 1421 3391 Wakefieldus

317 3445 352 3490 re
374 3445 439 3490 uon
462 3443 622 3510 perpensa
643 3429 785 3490 veterem
807 3441 960 3490 versuum
983 3423 1129 3490 ordinem
1152 3427 1312 3492 restituit.

401 3527 476 3594 543.
503 3547 692 3590 susurrus
714 3547 780 3590 suu
802 3546 986 3590 ansanus
1008 3547 1150 3594 uuorr.
1173 3513 1356 3607 Quadratus
1376 3551 1420 3592 su·

316 3653 481 3696 „rumara
497 3677 504 3693 .
521 3629 699 3696 auxiensis
722 3628 819 3695 turso
842 3634 875 3694 et
896 3627 1052 3694 narnus
1074 3630 1132 3694 aa
1153 3650 1355 3697 renuens.
1524 3611 1525 3630 ¹

401 3731 474 3798 544.
509 3731 560 3797 Er
592 3752 768 3796 aurosus
800 3751 952 3796 auncurt
983 3750 1103 3795 esrae
1136 3753 1221 3796 crus
1253 3743 1419 3798 assensn
1523 3763 1524 3768 κ

314 3853 495 3897 nonnus.
519 3833 594 3899 Itali
617 3843 649 3899 et
674 3833 853 3900 Brixieusis
873 3832 972 3899 editio
994 3847 1141 3918 revocat,
1164 3833 1359 3910 Veronensis
1379 3856 1419 3897 re

316 3957 433 4002 vasa:
456 3933 513 4001 sed
536 3942 694 4002 eorreetor
716 3935 866 4020 quadrati
887 3936 939 4002 eet
957 3937 1064 4003 reboat
1078 3985 1087 4020 ,
1102 3935 1189 4020 quod
1211 3957 1308 4004 uuum
1331 3935 1419 4002 babet

316 4035 458 4120 aliquam
485 4037 721 4123 probabilitatis
749 4039 913 4125 speeiem,
933 4038 996 4104 uisi
1022 4037 1111 4123 quod
1140 4039 1214 4104 taba
1235 4059 1299 4105 uon
1322 4035 1417 4120 magis

316 4137 443 4205 videtur
471 4141 599 4206 reboare
629 4160 727 4226 posse
753 4159 849 4224 quem
877 4141 1004 4206 eithara
1030 4141 1063 4206 in
1089 4140 1171 4207 libro
1198 4162 1231 4226 rr,
1252 4141 1322 4208 28.
1348 4137 1418 4205 tuba

315 4247 422 4308 autem
438 4241 576 4308 barbara
590 4249 676 4310 reete
691 4241 828 4327 dieitur,
844 4241 967 4309 scilieet
982 4238 1099 4312 κώδων
1118 4235 1300 4333 ηρσηνικῆ
1312 4293 1321 4328 ,
1335 4247 1368 4307 ut
1387 4239 1416 4304 in

315 4345 417 4411 altero
444 4343 588 4410 membre
615 4351 690 4411 suut
711 4345 876 4412 Heliconis
898 4347 990 4429 eyeni
1012 4393 1020 4412 .
1043 4367 1140 4432 porro
1163 4349 1245 4414 aad
1266 4337 1416 4429 quomodo

314 4447 394 4513 tuba
414 4447 518 4532 possit
540 4465 634 4512 uemo
657 4446 799 4532 dixerit,
820 4444 937 4513 nedum
960 4461 1067 4516 retro.
1087 4451 1220 4516 Imaeus
1235 4447 1365 4516 Vossius
1378 4439 1416 4508 sd

316 4547 473 4615 Catullum
490 4571 521 4635 p.
538 4547 601 4615 228
617 4551 808 4635 Berecyntia
828 4551 967 4616 barbara
981 4603 990 4636 ,
1005 4571 1101 4636 quem
1124 4551 1203 4618 dieit
1225 4567 1295 4617 esse
1316 4549 1414 4613 ababa
