3036 5150
312 361 355 428 80
849 359 882 424 11

311 529 514 598 Abrahamus
536 531 728 614 Preigerus‚
753 530 875 595 amicus
891 528 1127 614 Haveroampi,
1150 553 1171 593 a
1194 549 1312 593 runco
1333 549 1411 592 rsus

312 635 406 700 obstet
422 683 429 697 .
446 632 487 698 de
510 633 570 699 hoc
591 633 663 698 ibus
687 631 791 698 dicam
813 631 857 698 ad
879 631 995 698 librum
1018 653 1061 715 ιν,
1077 631 1163 698 933.

396 736 447 800 94.
471 737 660 801 Puusrsus
683 755 865 800 osrssnrn
889 755 955 798 sn.
977 733 1145 802 Corrector
1166 733 1339 819 quadrati,
1355 733 1413 798 An·

311 838 417 904 tonius
440 838 551 923 Marii,
575 837 753 922 Marullus,
777 857 940 901 osnnsnr
963 850 1016 902 ct.

397 939 448 1008 95.
478 961 602 1006 uuura
630 961 765 1012 ouras.
790 939 946 1006 Antonius
974 939 1178 1007 Florentinus
1212 943 1245 1006 et
1271 937 1414 1023 impressi

311 1065 455 1108 nunus.

397 1146 448 1212 98.
471 1146 615 1210 Pnnrnr
638 1165 884 1210 rnrsavsnurs
906 1164 1045 1209 usurus
1068 1165 1263 1210 ccurunrs
1285 1163 1416 1208 nesun-

312 1271 429 1314 rssr.
453 1248 514 1316 llio
540 1249 694 1314 Marullus
721 1248 851 1333 scripsit
877 1249 1042 1334 corptiotc3
1067 1244 1228 1334 quomodo
1264 1266 1306 1314 ea
1337 1264 1416 1330 quae

312 1351 484 1420 conflixere
506 1371 548 1417 an
571 1352 650 1417 satis
666 1351 780 1418 Latine
802 1349 948 1416 dicautur
963 1352 1070 1416 nescio
1087 1397 1095 1414 .
1110 1349 1229 1415 rectius
1244 1347 1417 1415 Lambinus

312 1468 462 1537 contusa,
486 1453 573 1538 quod
596 1460 644 1520 est
670 1455 703 1519 in
725 1453 807 1519 libro
830 1474 873 1530 nv,
890 1451 977 1519 958.
1000 1452 1057 1518 sed
1081 1451 1223 1517 omnium
1245 1450 1417 1518 rectissime

313 1556 496 1640 Naugerius
519 1556 656 1622 restituit
678 1557 767 1640 quod
788 1556 908 1622 habent
930 1559 1075 1639 veteres,
1102 1554 1267 1638 consum,
1292 1552 1353 1619 hoo
1375 1559 1418 1618 est

312 1659 457 1726 conserta
484 1665 515 1724 et
541 1660 806 1742 conglomerata,
833 1655 892 1724 sed
919 1657 1007 1722 levia
1034 1663 1131 1741 atque
1154 1655 1295 1723 rotunda
1317 1673 1416 1740 neque

190 1851 199 1868 .
311 1762 485 1847 perplexa.

396 1865 448 1930 99.
471 1883 624 1927 suavius
647 1882 791 1926 susurra
814 1883 1015 1927 vsxsunus
1036 1883 1196 1928 svrcnu.
1212 1860 1288 1928 Itali
1313 1866 1345 1926 et
1365 1860 1416 1926 im-

311 1966 415 2052 pressi
438 1973 523 2032 recte
546 1985 731 2028 susurnus
754 1986 797 2028 nn
819 1988 864 2030 ss
886 1968 970 2032 ictu.

403 2069 472 2136 104.
507 2090 551 2130 nr
575 2089 720 2132 curans
747 2089 896 2132 cussus
930 2089 1058 2132 sonus
1087 2067 1291 2134 Paucurs.
1319 2065 1416 2134 Iidem

312 2193 360 2235 ns
381 2195 494 2259 persero
516 2171 625 2236 lorum
648 2169 851 2236 Psucuns.

399 2274 468 2338 112.
493 2273 621 2358 Corus,
637 2291 1415 2356 unrusuouos,anrs1uuuacasaurunco.

312 2379 408 2444 Recte
437 2377 511 2442 Itali
538 2397 802 2462 sruunsosuu,
827 2384 859 2442 et
879 2376 1037 2442 Aventius
1060 2396 1240 2442 neruoso.
1268 2377 1329 2444 sed
1351 2373 1416 2441 Afri

310 2487 457 2562 veteres,
473 2479 528 2562 qul
551 2478 583 2542 in
605 2477 667 2545 fine
690 2479 810 2566 saeculi
833 2479 966 2546 secundi
989 2480 1088 2546 libros
1108 2497 1219 2546 saeros
1235 2479 1352 2545 Latine
1373 2479 1415 2544 in·
1509 2481 1510 2498 ¹

310 2581 474 2668 terpretati
498 2587 593 2663 sunt,
613 2584 786 2648 memorari
803 2601 867 2648 non
890 2603 964 2649 raro
981 2583 1130 2649 dixemnt
1151 2580 1192 2646 de
1214 2582 1262 2648 eis
1286 2601 1416 2666 quorum

311 2684 428 2767 aliquis
450 2684 673 2750 recordaretur
694 2685 765 2750 sive
780 2685 978 2752 meminisset
994 2733 1001 2750 .
1017 2685 1064 2750 ita
1078 2685 1112 2748 iu
1127 2683 1299 2766 euangelio
1314 2684 1415 2748 Lucae

309 2809 329 2872 1,
347 2787 389 2852 72
411 2799 439 2852 et
460 2788 632 2852 memorari
650 2789 827 2853 testamenti
845 2789 900 2852 sui
916 2789 1039 2870 suncti,
1068 2785 1125 2852 καὶ
1144 2785 1363 2873 μνησθῆναι.
1384 2783 1414 2847 iu
1508 2867 1509 2870 Ἴ

311 2888 450 2975 epistula
471 2888 514 2954 ad
537 2889 703 2956 Hebraeos
726 2888 857 2974 v111‚l2
883 2902 912 2954 ct
931 2903 1133 2976 peccatorum
1163 2889 1252 2973 (sive
1270 2885 1415 2975 peccatu)
1508 2873 1509 2913 ³

310 2992 438 3058 illorum
460 2992 526 3056 ium
546 3015 609 3057 nou
630 2993 843 3074 memorabor,
866 2985 907 3058 ori
930 2989 977 3078 μὴ
998 2992 1141 3079 μνησθῶ
1162 2985 1214 3058 ἔτι
1226 3039 1234 3056 .
1247 2991 1281 3056 in
1305 2991 1413 3056 eadem

310 3116 341 3179 x,
357 3095 399 3160 32
421 3096 677 3160 rememoramini
695 3107 797 3160 cutem
817 3096 972 3181 pristinos
994 3094 1062 3162 dies
1072 3145 1082 3178 ‚
1099 3087 1411 3181 ἀναμιμνήσκεσθε.

311 3216 329 3264 e
354 3196 509 3283 proximis
537 3195 670 3263 Servius
696 3196 738 3262 ad
768 3197 915 3280 eclogam
943 3219 985 3276 vr,
1012 3197 1052 3262 31
1082 3197 1165 3264 uude
1191 3199 1293 3264 uomr’
1318 3196 1413 3262 ds'ctue
1507 3211 1508 3226 ¹

310 3314 402 3383 suut,
434 3323 516 3386 quus
537 3301 707 3366 Lucretius
732 3285 917 3366 minutiores
943 3299 1021 3365 dicit
1047 3324 1112 3366 esse
1133 3299 1202 3366 illes
1223 3297 1412 3386 corpusculis

311 3425 392 3488 quac
419 3403 453 3466 in
484 3401 603 3488 rirfrlssis
627 3426 687 3489 per
708 3401 881 3488 fenestram
910 3400 1015 3468 radiis
1040 3403 1118 3468 sols’a
1145 3401 1310 3469 vellemus:
1341 3399 1412 3466 datu

313 3505 395 3570 euim
417 3503 494 3569 ilius
516 3529 571 3569 nec
594 3509 694 3569 visum
713 3527 805 3590 posse
826 3505 989 3590 recepere.

399 3605 469 3674 118.
492 3627 654 3670 snontrs
675 3626 824 3670 russas
841 3606 989 3672 Eunus.
1007 3605 1138 3672 Fmstra
1152 3606 1307 3673 Manilius
1321 3604 1411 3672 ethic

312 3715 344 3774 et
355 3708 387 3772 in
399 3729 442 3790 rr,
459 3707 540 3774 1009
552 3709 682 3795 proelia
692 3731 881 3797 puppesque
892 3708 1016 3774 Edere.
1033 3709 1158 3774 Ennius
1173 3707 1261 3795 apud
1277 3707 1410 3775 Nonium

311 3832 343 3897 p.
359 3809 432 3894 472,
448 3810 489 3876 31
524 3811 651 3877 Interea
683 3811 830 3876 mortales
864 3813 946 3876 sister
974 3835 1040 3877 sese
1069 3824 1216 3899 pupucut
1233 3811 1409 3899 proclinat.
1505 3831 1506 3870 l

311 3913 444 3979 Plautus
466 3913 501 3978 in
516 3911 668 3978 Asinaria
682 3933 725 3996 ιν,
742 3911 771 3992 2,
792 3911 829 3978 15
855 3913 904 3978 Ta
925 3937 998 3999 erpo
1010 3913 1075 4000 fac
1094 3927 1129 3978 ut
1142 3913 1200 3979 illi
1217 3914 1325 3979 turbas
1347 3912 1409 3976 luen
1505 3921 1506 3956 ³

311 4018 437 4083 coccias
449 4001 560 4081 sidem
575 4015 608 4079 in
624 4013 838 4081 Bacchidibus
853 4035 896 4100 rr,
912 4015 943 4100 4,
960 4016 1002 4082 80
1017 4015 1104 4094 Quid
1116 4017 1264 4102 sipotius
1278 4013 1409 4081 morbum
1504 4083 1505 4090 ἵ

310 4131 437 4184 mortem
452 4117 595 4183 screbat?
610 4117 648 4183 id
661 4119 720 4183 erit
734 4119 870 4183 rectius.
885 4118 1055 4184 Terentius
1071 4117 1104 4183 in
1120 4116 1274 4184 Eunucho
1289 4139 1320 4202 v,
1331 4116 1359 4200 8,
1371 4112 1406 4180 27
1504 4175 1505 4200 ¹

311 4219 450 4300 Quodvis
466 4219 581 4286 Quum
591 4219 771 4307 praemium
787 4243 808 4284 a
823 4243 871 4285 me
886 4215 1011 4304 optato:
1027 4219 1064 4286 id
1077 4219 1334 4307 optutumferes.
1348 4215 1407 4300 qul·
1504 4209 1505 4288 Ῐ

310 4321 371 4389 bus
392 4321 512 4390 similla
534 4323 600 4390 alia
621 4329 746 4389 veteres
769 4321 991 4405 frequentasse
1007 4321 1086 4389 satis
1102 4328 1246 4390 constat.
1263 4321 1297 4387 in
1311 4315 1406 4386 Plauti
1504 4311 1505 4324 ’

311 4426 453 4492 Poenulo
475 4445 588 4492 versus
610 4447 631 4510 1,
658 4426 687 4509 1,
707 4423 730 4489 4
759 4425 883 4508 integer
905 4423 959 4491 fiet
981 4423 1092 4491 addito
1115 4425 1158 4490 ad
1182 4423 1266 4490 huuc
1287 4421 1406 4490 modum

310 4551 367 4616 epe
381 4577 390 4612 ‚
406 4528 494 4594 Mihi
504 4526 678 4592 reddisse·
689 4528 841 4614 opiparas
856 4549 913 4614 ope
927 4552 1024 4616 opera
1038 4541 1093 4595 tua
1109 4577 1117 4595 .
1133 4533 1273 4594 ceterum
1287 4541 1406 4592 versum
