3110 5146
648 379 694 446 v1
1160 379 1224 446 eea
1262 329 1265 336 ¹

116 553 312 618 eubemamen
326 599 336 634 ,
352 549 708 634 decemoctorum
723 597 732 632 ,
754 572 943 634 cognomen,
960 572 1169 635 praenomen.
1190 550 1223 616 in

116 653 187 720 Silii
198 651 327 738 xn,444
339 653 553 736 eubetamr'na,
568 651 623 717 ubi
635 657 721 718 reete
734 649 818 718 denti
834 652 1067 734 aubetrame'na,
1083 651 1222 716 Inebrioa

115 756 255 822 roboreia
275 753 333 820 aad
353 767 443 821 erem
461 755 674 820 mebetrarm‘na
686 753 842 840 plaustra
852 803 861 836 ,
878 755 979 840 Inque
1001 751 1090 836 (libri
1105 753 1222 840 Atque)

114 881 225 924 recena
246 857 334 924 oaeet'
353 870 438 942 terqo
456 856 612 943 prolapsa
637 856 764 922 invenci
783 857 981 942 Aequoream
1001 868 1072 921 rote
1093 853 1224 920 ducebat

113 984 173 1046 per
184 961 337 1047 gramma
345 959 481 1046 puppim
495 1007 503 1022 .
519 977 540 1023 a
555 956 661 1024 verbio
672 958 796 1042 primae
810 964 842 1023 et
853 963 988 1041 quartae
1000 956 1224 1024 declinationis
1276 1001 1280 1011 ·

116 1081 180 1126 non
197 1067 272 1126 ante
287 1059 437 1126 Ovidium
453 1059 541 1125 saeta
554 1083 754 1140 revocamen,
770 1084 975 1143 renovamen,
991 1062 1223 1142 remoramina,

114 1164 326 1245 relevamina,
337 1163 550 1249 reepe'ramen,
562 1161 804 1247 adeprrame'na,
819 1163 1006 1228 obleetamen
1017 1211 1027 1244 ,
1040 1163 1222 1244 inm'tamen,

44 1295 47 1304 ·
115 1266 283 1353 mffimm.
300 1263 439 1348 exiguae
453 1264 506 1330 rel
520 1263 640 1330 nulline
655 1263 852 1329 auctoritatis
868 1262 1037 1348 adfamn,
1054 1264 1222 1349 affamina,

112 1368 302 1455 praefamen
309 1415 318 1450 ,
329 1367 500 1454 perjbumen
510 1415 520 1448 ,
530 1365 723 1452 alligamen,
736 1365 974 1452 adepeotamen,
987 1365 1222 1448 adhortamina,

116 1470 391 1551 anteeantamma,
407 1467 585 1534 ineolumem
597 1516 604 1532 .

202 1572 276 1638 616.
300 1571 523 1636 Panamara
546 1590 614 1634 son
627 1590 781 1634 areana
795 1619 804 1634 .
820 1568 987 1653 Oblongns
1006 1571 1111 1656 prima
1125 1591 1223 1638 manu

116 1699 287 1762 magnum.
302 1672 458 1739 Marullus
479 1692 633 1736 uuonan
655 1694 742 1740 son.

181 1771 276 1842 Ι621.
300 1779 347 1840 ni>
369 1793 542 1845 nonnae.
560 1775 782 1858 Antiquissimi
805 1781 1002 1844 eorreotoree
1023 1800 1088 1844 nn.

203 1878 276 1944 624.
299 1897 514 1940 vnannnnne
546 1897 722 1948 nnouoan
755 1897 890 1956 vanni,
914 1877 1065 1945 Abeorda
1092 1887 1124 1947 et
1152 1881 1222 1948 nine

116 1980 262 2068 pondere
282 1979 450 2064 repetitio,
465 1997 536 2044 enm
558 1979 770 2063 praenossent
786 1981 866 2046 llum
882 2005 984 2072 porro
998 1984 1085 2072 aerati
1101 2007 1223 2069 qnoque

116 2107 265 2172 maynam
279 2082 387 2148 tollere
397 2093 523 2168 partem
544 2082 669 2148 Umort'e
681 2095 834 2168 poeeunt.
850 2100 911 2147 nee
924 2087 1033 2148 nmen
1046 2091 1132 2150 reete
1148 2085 1222 2150 itali

117 2209 256 2274 aequora
267 2186 362 2272 penti
369 2207 380 2248 .·
393 2201 468 2248 nam
481 2201 566 2267 quae
580 2189 732 2250 eeonntur
744 2185 824 2250 eatis
838 2183 980 2267 intellegi
995 2205 1059 2251 non
1070 2193 1221 2271 possunt,

117 2288 178 2354 niei
194 2286 343 2354 addimus
365 2303 431 2370 qun
444 2303 479 2350 re
501 2285 931 2372 effitiantur,ite,vear1s
953 2289 1024 2354 Una
1045 2301 1131 2355 noete
1152 2291 1223 2354 mbo

117 2391 266 2476 qnoniam
285 2411 438 2475 pmaaepe
458 2387 600 2456 videmur
620 2389 749 2456 Sabeam'
757 2437 765 2452 .

203 2490 275 2558 626.
299 2511 506 2556 cananaea.
522 2489 725 2558 Correotoree
747 2497 873 2558 veteres
895 2513 1079 2558 caneres.

202 2591 275 2659 629.
299 2613 336 2656 in
359 2611 491 2660 oanis.
514 2593 555 2660 In
581 2615 670 2658 enar
691 2593 867 2660 Marullus.
882 2594 1036 2678 proximis
1060 2595 1222 2678 Vergilius

117 2695 216 2761 utitur
232 2695 310 2760 Aen.
326 2715 357 2778 a,
370 2695 431 2762 807
448 2696 513 2780 ita,
528 2697 616 2762 Dum
623 2697 732 2784 plauit
748 2697 784 2762 eir
798 2697 911 2762 term'e.
926 2695 981 2762 ubi
996 2696 1127 2764 Servius
1142 2699 1223 2762 mire

117 2795 320 2862 arohaiemon
343 2796 421 2864 dioit
440 2799 476 2864 in
498 2799 611 2880 nune,
626 2797 750 2864 seilioet
777 2799 1012 2864 aonenuetione
1034 2798 1221 2882 antiquata,
1249 2803 1260 2822 '

116 2897 203 2982 quod
226 2897 302 2962 mibi
317 2899 451 2982 anfiqna
472 2899 677 2984 simplieitate
698 2899 844 2966 additum
868 2919 939 2967 esee
953 2901 1061 2985 potine
1075 2899 1221 2984 ridetur,

116 3019 187 3066 oum
209 2999 325 3066 abone
346 3006 476 3084 posset.
491 3001 596 3068 debuit
610 3003 712 3084 enim,
729 3001 853 3086 inquit,
869 3003 974 3090 diemo
988 3003 1023 3068 r'n
1037 3015 1160 3066 terrae:
1175 3015 1221 3066 ta-

114 3127 185 3170 men
207 3102 368 3168 aoe'endum
397 3103 623 3170 bmbtiebe'am
642 3105 708 3174 ‚boo
730 3105 877 3170 emere·
902 3129 987 3189 eaeo,
1003 3101 1089 3190 quod
1114 3105 1160 3168 ito
1187 3115 1221 3168 nt

116 3205 237 3272 invene
265 3204 424 3290 Vergiliae
445 3204 491 3270 ad
509 3229 601 3272 enum
623 3207 785 3272 bamtulit
806 3231 951 3273 carmen.

185 3299 275 3372 632.
298 3325 390 3370 onae
412 3307 731 3374 nno1s.(iorreetor
753 3309 902 3391 quadrati
925 3315 957 3374 et
975 3308 1135 3374 Antonine
1153 3309 1222 3374 ilio·

119 3409 262 3476 rentinne
283 3428 416 3474 neam.

83 3533 101 3560 r
202 3511 457 3583 638.n1ounno
484 3533 579 3578 anna
605 3532 714 3576 annin
740 3533 880 3580 onnes.
896 3513 1063 3580 cruenter
1089 3513 1222 3597 oblongi

115 3633 297 3680 nannum.
321 3614 368 3679 ita
388 3612 535 3680 eeholion
549 3615 671 3682 Lneani
686 3639 718 3699 x,
728 3616 791 3682 248
805 3617 839 3682 in
858 3616 942 3682 libro
958 3615 1112 3682 Beruenai
1128 3636 1222 3700 quem

114 3715 247 3783 seeenlo
273 3716 399 3782 deeimo
425 3717 579 3802 seriptum
601 3717 757 3784 Sionems
779 3717 927 3784 dioitrin
953 3737 992 3783 eo
1020 3717 1143 3784 eoholio
1172 3717 1224 3784 hie

114 3839 229 3888 verene
252 3837 323 3884 eum
346 3818 488 3902 quinque
509 3819 664 3908 proximis
684 3819 846 3906 prosertnr
868 3840 908 3886 ex
923 3819 1005 3886 libro
1028 3827 1119 3888 sexto
1133 3869 1142 3906 ,
1158 3840 1223 3886 non

115 3941 135 3988 e
156 3942 188 4006 v,
200 3919 285 3988 272.
788 3993 795 4008 ,

201 4022 275 4090 639.
297 4043 368 4086 ran
388 4043 535 4088 renone
556 4043 690 4096 nonme
709 4045 755 4088 nn
776 4045 970 4090 nnnnnnn.
987 4025 1154 4092 Correotor
1168 4026 1223 4092 ob·

114 4125 207 4207 longi
222 4145 387 4190 renone.
404 4126 435 4190 tt
450 4125 575 4192 litterae
586 4125 745 4208 oblongae
761 4126 860 4194 babet
870 4129 903 4194 in
919 4127 1038 4212 litura,
1053 4147 1149 4194 vernn
1160 4127 1223 4194 669

115 4233 149 4292 et
161 4227 223 4294 681
241 4225 327 4294 idem
341 4228 479 4294 Aetneue
502 4233 534 4292 et
547 4227 647 4312 Eme,
663 4228 839 4311 quadratae
855 4231 1013 4296 Aetbneue
1035 4236 1068 4296 et
1081 4231 1224 4312 Aeone,-

114 4329 148 4394 in
170 4349 192 4412 1,
206 4327 268 4394 722
295 4334 429 4413 uterque
456 4327 577 4396 Aetnen
588 4352 600 4411 ,·
613 4329 648 4394 in
669 4331 779 4414 umet
805 4331 965 4416 oblongus
992 4331 1131 4414 Aetnae,
1146 4351 1224 4414 qna·

115 4429 228 4496 drama
249 4431 412 4498 Aetbnae.

200 4531 275 4598 641.
297 4553 420 4606 nnana
441 4551 530 4596 enin
557 4553 673 4598 annia
701 4556 837 4600 ennom
859 4557 905 4598 nn
934 4555 1080 4600 coenan
1102 4534 1223 4598 Faen-
