3186 5146
635 440 788 482 cnerruns
1201 421 1263 486 427

244 593 320 656 Post
345 592 393 654 14.
422 611 564 654 coneus
587 613 631 654 nr
653 612 765 654 ruane
788 595 846 658 ete.
881 592 969 657 Haec
997 599 1028 656 et
1050 593 1210 676 oblongus
1234 601 1266 670 et

159 695 262 760 italici
285 687 422 769 habent,
447 694 522 758 item
546 693 685 782 schedae
707 695 800 780 quasi
823 714 950 761 versum
964 701 1080 780 poetae
1096 697 1264 762 exhibent:

158 796 215 863 aed
240 797 272 861 in
295 797 453 880 quadrato
476 797 515 862 iis
538 796 731 882 recipiendis
746 797 885 882 spatium
901 799 1044 862 relictum
1061 805 1110 864 est
1125 799 1263 865 nullum.

158 901 190 964 in
213 892 388 983 a'rehetypc
409 898 557 964 videntur
579 899 621 964 ad
644 900 821 982 marginem
844 900 966 985 scripta
986 899 1103 966 fuisse:
1126 908 1211 967 certe
1233 902 1265 966 in

158 1002 282 1068 calculo
310 1001 503 1086 paginarum
531 1000 672 1067 ineundo
695 1021 713 1067 e
736 1003 882 1068 versibus
909 1003 1021 1088 primis
1043 1025 1144 1067 nccnv
1167 1025 1265 1070 unum

157 1093 475 1190 praetermittendurn
499 1123 570 1170 esse
593 1103 659 1168 dixi
682 1104 723 1169 ad
746 1105 820 1170 libri
843 1105 938 1189 primi
961 1125 1088 1171 versum
1112 1107 1192 1172 734.

245 1208 295 1273 18.
320 1228 366 1269 nn
388 1227 504 1271 nonar
526 1228 674 1271 naruns
697 1214 756 1273 ete.
779 1207 817 1272 In
840 1205 969 1273 schedis
992 1208 1073 1273 haee
1094 1215 1168 1274 sunt
1190 1214 1265 1274 ante

158 1329 286 1377 versum
308 1309 392 1376 523.

244 1414 295 1479 23.
319 1433 362 1477 ro
387 1436 458 1478 can
478 1434 765 1477 enereasrrxson
785 1433 926 1479 aenon.
949 1413 1003 1478 sie
1019 1413 1192 1496 oblongus
1209 1415 1266 1479 mi·

157 1537 227 1581 rum
243 1515 435 1581 vocabulum
451 1510 549 1604 ἆκροῖ
561 1536 624 1580 nun
644 1516 771 1600 Epicuri
787 1516 917 1583 lieentia
932 1516 1072 1602 peperit,
1093 1515 1151 1582 sed
1166 1517 1265 1601 spatii

158 1619 331 1702 angustia.
348 1637 422 1682 nam
438 1617 578 1684 schedae
594 1617 713 1685 habent
727 1619 825 1704 paulo
842 1619 957 1684 rectius
973 1639 1265 1682 rnrxnnsnnson

158 1743 269 1808 apros,
292 1721 353 1786 bae
376 1739 502 1806 quoque
525 1721 643 1786 omisso
666 1743 774 1804 ncnr,
798 1719 886 1804 que‘d
901 1719 1084 1786 addendum
1100 1727 1168 1787 est.
1193 1723 1266 1787 Dio·

158 1843 258 1908 genes
274 1824 307 1888 in
323 1844 353 1907 x,
361 1823 401 1887 41
419 1817 506 1889 ἀλλὰ
521 1821 586 1912 μὴν
601 1822 657 1890 καὶ
671 1821 710 1891 cd
727 1824 795 1889 πᾶν
807 1814 949 1908 ἄπειρόν
959 1821 1062 1890 ἐστιν·
1076 1821 1114 1890 τὸ
1130 1821 1192 1911 γὰρ
1204 1847 1265 1890 πε-

159 1925 368 2014 περασμένον
383 1917 482 2013 ἔκαον
500 1925 580 2009 ἔχει,
593 1925 631 1995 ad
648 1926 686 1995 dd
698 1919 799 2014 disper
810 1921 888 2011 παρ’
903 1921 1014 2013 ἕτερόν
1024 1951 1058 1994 τι
1070 1929 1264 2014 θεωρεῖται.

244 2053 277 2114 rr,
294 2031 321 2094 1.
356 2051 567 2094 successus
591 2051 726 2094 srrrns
756 2051 995 2094 crassensis.
1030 2029 1100 2096 Hoc
1120 2037 1170 2096 est
1191 2031 1266 2116 Epi-

160 2135 227 2200 euri
251 2133 331 2199 iliud
353 2131 476 2219 σαρκὸς
498 2128 663 2213 εὐσταθὲς
684 2126 877 2219 κατάστημα
903 2131 960 2200 καὶ
984 2131 1023 2199 ad
1046 2131 1125 2217 περὶ
1145 2127 1266 2220 ταύτης

159 2234 279 2304 πιστὸν
307 2235 474 2319 ἔλπισμα,
502 2238 587 2322 qnod
615 2238 761 2320 exagitat
789 2235 978 2303 Cleomedes
1008 2235 1049 2302 de
1072 2235 1220 2302 metauris
1242 2259 1266 2299 11

158 2361 189 2425 p.
209 2341 267 2406 107
285 2347 316 2405 et
333 2340 412 2407 112.
436 2341 510 2407 vide
533 2341 578 2406 ibi
597 2339 731 2406 Bakium
754 2361 784 2424 p.
798 2339 861 2405 428
877 2345 909 2405 et
924 2338 1105 2405 Madvieum
1120 2339 1162 2404 ad
1178 2338 1265 2406 Cice·

158 2463 268 2509 renem
292 2441 332 2508 de
355 2442 470 2509 finibus
492 2465 525 2525 11,
538 2443 599 2510 99..

246 2545 294 2610 13.
320 2544 502 2622 Quadratus
518 2545 764 2612 interstitionem
781 2545 856 2612 facit
871 2565 934 2610 non
950 2549 1167 2610 anteversum
1182 2543 1264 2626 400,

158 2646 216 2714 sed
239 2653 313 2712 ante
335 2641 415 2730 404,
440 2648 548 2731 ibique
569 2645 709 2714 schedae
730 2648 768 2713 da
791 2649 947 2714 absentio.

245 2751 294 2816 19.
328 2772 363 2812 ru
386 2771 503 2813 ranan
532 2771 667 2813 saurnx
696 2771 844 2818 rnnssn.
879 2751 933 2816 Sic
955 2749 1134 2832 oblongus.
1168 2769 1264 2814 verus

157 2853 267 2917 titulus
282 2853 392 2936 periit,
408 2852 462 2936 qui
479 2853 539 2917 fuit
553 2850 758 2935 huiusmodi,
772 2853 859 2918 Inter
870 2877 903 2918 se
915 2852 1035 2917 similia
1046 2852 1171 2933 infinita
1183 2874 1263 2915 eece.

243 2955 295 3019 32.
325 2975 496 3018 nnunros
518 2975 676 3019 srnrnrs.
704 2953 828 3018 Titulus
856 2973 922 3018 non
944 2973 1003 3018 suo
1026 2952 1097 3017 loeo
1120 2951 1263 3036 pesitus.

157 3055 214 3123 sed
244 3055 323 3121 nibil
350 3057 506 3122 reconditi
536 3057 665 3123 subest:
692 3053 896 3122 scribendum
924 3078 968 3119 nr
993 3055 1106 3120 maltos
1128 3055 1264 3137 similis,

157 3159 255 3244 idque
277 3160 380 3224 Italici
405 3159 576 3226 exhibent.
703 3199 707 3208 ·

241 3283 285 3344 ιιι,
307 3263 354 3326 16.
389 3261 584 3326 Iurnnrssn
618 3283 661 3325 nr
694 3283 792 3333 curn
825 3283 924 3325 nunc
957 3281 1023 3324 nsr
1051 3281 1146 3324 stunc
1175 3281 1263 3334 nssn

157 3385 352 3428 cnnsrsu.
380 3364 433 3430 Iba
454 3366 488 3430 in
511 3365 652 3450 oblongo
674 3385 785 3431 verens
808 3365 870 3430 678
897 3364 939 3428 ab
962 3363 1022 3428 hoe
1044 3363 1115 3428 loeo
1138 3363 1263 3430 alienus

155 3486 213 3550 pro
247 3467 339 3531 titulo
373 3466 485 3533 iterum
518 3469 655 3554 scriptus
690 3475 738 3534 est
760 3467 907 3550 rubrica,
938 3466 970 3530 in
999 3465 1076 3530 elim
1098 3465 1264 3551 impressis

156 3569 332 3653 scripturae
349 3589 467 3652 genere
482 3570 594 3636 eodem
611 3591 674 3655 que
690 3570 787 3636 ceteri
803 3589 915 3636 versus
930 3575 1065 3655 poetae.
1090 3569 1265 3635 omiserunt

156 3690 227 3736 enrn
252 3670 429 3755 quadratus
452 3677 484 3737 et
498 3675 656 3739 Antonius
672 3673 786 3757 Marii,
810 3673 868 3739 sed
891 3671 1069 3757 quadratus
1088 3672 1193 3757 spatio
1209 3692 1264 3738 va·

156 3793 215 3838 eno
238 3773 368 3838 relicto.

245 3877 293 3940 17.
317 3897 388 3940 uon
410 3899 497 3940 nssn
519 3897 716 3942 renarra.
740 3877 841 3943 Immo
863 3900 1073 3943 rarvxnxn:
1090 3880 1262 3944 suntenim

156 3979 235 4044 haee
257 3998 297 4042 ex
321 3979 400 4063 ipsis
423 3979 562 4046 Lucretii
587 3979 694 4045 verbis
717 3985 862 4064 sumpta.

240 4102 283 4163 ιι,
295 4081 326 4147 5.
350 4081 446 4146 Libro
469 4088 583 4165 quarto
603 4081 713 4165 quinte
733 4089 888 4166 sextoque
904 4083 936 4148 in
952 4091 1088 4167 utruque
1103 4085 1263 4151 Vossiano

154 4183 278 4249 indices
301 4184 511 4268 capitulorum
535 4182 669 4268 praefixi
692 4189 781 4247 sunt.
804 4184 917 4249 horum
940 4205 1085 4268 eaquae
1107 4187 1193 4252 intus
1216 4187 1263 4252 in·

154 4293 202 4354 ter
224 4305 337 4352 versus
361 4305 465 4369 neque
487 4287 520 4350 in
543 4285 684 4368 oblongo
708 4285 1052 4372 repetitasuntneque
1068 4288 1171 4352 autin
1187 4307 1263 4370 qua-

154 4389 246 4454 drato
269 4389 380 4454 autin
402 4395 537 4472 utroque
559 4387 674 4472 spatiis
697 4387 814 4453 relictis
829 4387 1053 4472 subindicata,
1070 4391 1140 4455 sine
1155 4409 1262 4454 nume-

154 4491 197 4555 ris
213 4491 362 4575 exhibui,
379 4492 432 4574 qui
448 4509 552 4573 neque
567 4496 653 4556 certe
672 4488 736 4554 dici
752 4481 888 4575 possunt
902 4511 1008 4575 neque
1024 4492 1056 4556 in
1071 4491 1261 4577 paginarum

154 4590 275 4657 ambitu
299 4589 480 4658 definiendo
503 4592 695 4678 respiciendi
718 4600 810 4658 sunt.
831 4613 915 4682 qnae
932 4595 1018 4659 intus
1033 4594 1155 4688 scripta
1169 4601 1260 4680 sunt,
