3052 5150
250 353 255 364 '
305 299 365 420 les
843 355 892 422 ΙΙΙ

301 525 389 592 fieldi
405 522 697 610 interpretationem
713 525 887 610 intellego.
903 527 1011 612 itaque
1026 527 1104 594 mihi
1120 527 1199 595 haec
1222 527 1298 596 ferri
1312 517 1401 615 posse

302 648 368 695 non
399 626 569 714 videntur,
598 629 660 695 nisi
687 633 910 714 postremum
932 631 1114 715 proximum
1135 631 1261 728 posita,
1284 631 1337 716 qui
1358 637 1403 698 est

302 731 445 818 Folpc'do
463 733 653 818 praesertim
678 755 748 797 oum
774 757 901 798 camere
921 757 1015 820 saepe
1036 737 1223 820 nequimus.
1238 735 1285 799 ito
1305 735 1403 816 enim,
1514 723 1515 732 ἵ

302 835 425 919 inquit,
460 859 571 900 nooman
597 835 693 900 trahit
720 833 861 918 lumino,
889 834 950 900 hou
975 842 1025 901 est
1051 835 1145 902 dolor
1170 841 1309 904 tremere
1333 837 1406 902 facit
1514 853 1515 912 ᾖ

172 1003 176 1012 ,
303 937 433 1021 oeulos,
462 955 630 1021 eosquos
662 934 797 1019 fulgidis
828 936 977 1004 videndis
1010 944 1165 1004 retractos
1198 937 1337 1004 dctwdit
1366 937 1407 1003 ad
1514 965 1515 992 i

303 1042 392 1128 meas
418 1041 502 1106 acies
525 1047 557 1106 et
584 1039 745 1124 pupulas,
772 1059 854 1124 quas
881 1041 947 1107 iam
975 1042 1063 1108 solas
1085 1039 1218 1126 vident,
1242 1042 1407 1108 luminibus

303 1163 407 1209 rerum
431 1140 630 1226 fulgidarum
652 1144 729 1228 perir
745 1143 1023 1230 praepedientur.

388 1245 462 1313 365.
484 1265 608 1316 uncus
630 1265 741 1330 nuru,
765 1266 838 1316 Qus
861 1267 1051 1312 chenruus
1073 1268 1167 1332 resi,
1191 1246 1309 1314 Osrrs
1331 1268 1407 1310 sos-

303 1369 464 1413 crrrunr
490 1368 614 1412 uuuun
638 1368 810 1412 escensu
839 1350 1183 1418 uenoanu.Nullam
1206 1351 1274 1416 vim
1296 1348 1409 1416 hahent

302 1452 401 1536 haec,
425 1475 490 1538 quc
511 1453 668 1517 emimus
682 1453 766 1538 gnei.
783 1449 879 1517 debet
900 1471 973 1520 esse
986 1477 1086 1540 coque
1107 1455 1189 1520 enim
1200 1503 1210 1537 ,
1235 1475 1329 1525 Quin
1349 1475 1409 1518 ccr-

302 1557 407 1621 πίθηκε
428 1556 512 1642 ἱροί,
534 1553 625 1620 Ostia
646 1591 707 1618 -.
1514 1547 1515 1552 ’

387 1657 461 1724 372.
485 1656 681 1724 Ouarours
714 1677 839 1728 eroon
869 1677 978 1720 nnrnrr
1011 1679 1221 1724 raruonnrs
1256 1680 1410 1724 sunonis

301 1751 431 1825 rar'rrrs
458 1753 651 1826 Arirosrrn
665 1807 673 1822 .
689 1759 878 1824 Rectissime
899 1759 1065 1828 Bentleiue
1092 1760 1134 1827 ud
1157 1763 1288 1829 Horatii
1314 1769 1410 1830 artem

302 1865 461 1949 poeticam
483 1862 526 1928 60
550 1861 680 1948 simpulo
705 1882 829 1924 enrvrs
856 1863 1033 1950 Adpost‘ta.
1049 1863 1091 1930 de
1117 1866 1283 1932 sententia
1303 1867 1411 1932 Demo

303 1966 373 2032 criti
400 1983 597 2050 quamquam
624 1963 757 2030 aliunde
784 1983 848 2028 uon
875 1971 1002 2032 constet
1027 1967 1135 2051 (certe
1161 1968 1356 2034 Mullachius
1381 1965 1411 2031 iu

304 2068 488 2136 Democrito
503 2089 535 2154 p.
551 2068 614 2134 397
637 2065 718 2132 nihil
741 2066 839 2133 habet
859 2069 922 2133 nisi
944 2069 1083 2136 Lucretii
1105 2070 1250 2157 versus),
1274 2078 1411 2137 tamene

302 2172 459 2257 proximis
474 2177 611 2256 apparet
625 2189 698 2236 eum
712 2170 843 2253 singula
863 2171 962 2236 animi
984 2171 1163 2257 primordia
1184 2173 1327 2258 siugulis
1348 2190 1411 2238 cor-

302 2275 391 2360 poris
417 2272 602 2359 primordiis
629 2272 811 2339 eltematim
839 2275 989 2359 apposite
1018 2272 1177 2341 finxisset
1204 2283 1308 2359 negat
1333 2275 1412 2340 euim

302 2377 470 2444 Lucretius
498 2377 627 2442 animae
649 2373 826 2460 primordia
850 2383 915 2443 tem
938 2377 1048 2462 parvis
1069 2376 1253 2444 intervallis
1276 2378 1360 2444 iuter
1379 2393 1412 2440 se

303 2480 447 2546 distare.
1194 2469 1198 2485 '

388 2580 461 2648 374.
483 2582 570 2647 Neu
596 2602 670 2646 corr
695 2599 818 2646 nunno
845 2601 939 2645 suun
966 2603 1109 2647 narnus
1135 2601 1338 2647 unumunurn
1358 2601 1412 2644 urr-

303 2705 418 2749 uoss.
436 2683 619 2763 Quadratus
633 2687 751 2768 eucine,
776 2687 850 2752 ltoli
872 2694 905 2753 et
919 2686 1074 2753 Marullus
1096 2687 1239 2751 animai.
1257 2684 1320 2752 hoc
1335 2687 1412 2765 sug.

305 2786 399 2853 Ferd.
415 2787 561 2873 Neleius,
578 2788 673 2862 homo
695 2788 728 2854 in
750 2789 863 2873 primis
878 2795 1011 2872 sonmo,
1033 2789 1066 2854 iu
1082 2787 1190 2854 libello
1205 2786 1412 2860 academico,

305 2891 361 2974 qui
390 2891 423 2956 in
453 2891 679 2975 opusculorum
706 2891 776 2956 eius
808 2898 894 2957 tomo
921 2892 1024 2977 primo
1054 2909 1187 2957 recusus
1210 2899 1282 2974 est,
1304 2911 1337 2975 p.
1355 2887 1410 2952 183

305 2993 484 3079 speciosum
516 3011 589 3058 esse
616 2991 694 3058 dicit
719 2992 762 3058 ad
789 2993 1077 3060 commendandam
1100 2993 1270 3060 elisionem
1293 2991 1412 3058 neuun

305 3095 449 3179 alioquin
477 3095 666 3161 insuavem.
682 3095 797 3162 videor
826 3096 903 3160 mihi
934 3096 976 3164 de
1003 3097 1064 3162 hnc
1090 3113 1126 3160 re
1151 3095 1256 3178 magis
1288 3093 1412 3160 definite

306 3198 496 3284 praecipere
522 3218 619 3284 posse
640 3221 648 3263 ε
668 3196 726 3264 aed
756 3196 869 3264 horum
894 3199 1124 3266 vocabulorum
1146 3199 1313 3282 omnium,
1334 3215 1412 3280 quoe

306 3301 339 3364 in
355 3299 501 3367 vocalem
516 3301 635 3384 longae
650 3300 754 3367 vocali
770 3300 823 3367 vel
839 3301 1041 3387 diphthongo
1056 3301 1232 3366 subiectam
1248 3299 1410 3377 desinunt,

306 3409 457 3485 quattuor
478 3421 601 3486 genera
626 3409 774 3470 accurate
797 3403 1024 3487 distinguenda
1045 3409 1138 3488 sunt,
1166 3409 1202 3468 ut
1222 3403 1256 3467 iu
1280 3400 1411 3485 singulis

306 3504 348 3570 de
371 3505 505 3572 elisione
532 3512 724 3590 quaeratur.
739 3526 804 3572 non
832 3514 882 3572 est
910 3508 995 3573 enim
1024 3505 1137 3572 eedem
1160 3503 1218 3570 scd
1241 3523 1362 3588 magna
1381 3502 1412 3566 iu

307 3608 456 3674 omuibus
471 3607 665 3692 difficultas,
688 3627 759 3675 cum
775 3609 836 3675 sihi
852 3611 982 3677 vocales
997 3616 1063 3675 tres
1085 3613 1298 3691 quattuorve,
1321 3611 1411 3689 atque

306 3711 465 3778 interdum
487 3710 649 3796 quinque,
680 3710 874 3795 succedant,
904 3710 964 3776 hoc
986 3717 1036 3776 est
1057 3729 1168 3776 morae
1189 3715 1343 3793 quattuor
1363 3703 1410 3772 vel

307 3813 447 3898 quinque
462 3815 515 3880 vel
530 3813 647 3896 semin
663 3812 745 3880 duas
761 3813 906 3900 syllabas
921 3813 967 3878 ita
981 3811 1196 3897 auertendae,
1218 3818 1254 3877 ut
1275 3811 1310 3877 id
1332 3805 1410 3892 quod

308 3917 341 3980 in
355 3915 463 3982 medio
485 3921 535 3984 est
555 3915 698 3999 aliquam
721 3917 773 3983 sui
794 3915 948 4001 ponderis
970 3921 1095 4000 parturn
1117 3915 1262 3981 amittat.
1279 3914 1410 3998 primum

307 4037 409 4101 genus
432 4023 500 4104 est,
524 4037 596 4084 cum
618 4020 651 4082 iu
674 4017 736 4085 fine
758 4019 906 4084 vocabuli
929 4025 978 4084 est
998 4017 1098 4100 longa
1119 4017 1243 4084 vocalis
1259 4021 1334 4082 aute
1348 4013 1409 4078 lon·

307 4139 382 4204 gem
397 4121 542 4186 vocalem
564 4122 634 4188 sive
656 4119 909 4207 diphthongum,
932 4120 1049 4205 quihus
1064 4120 1097 4184 in
1112 4119 1262 4204 proxima
1276 4116 1410 4184 dictione

307 4223 430 4290 vocalis
446 4223 619 4289 subicitur.
635 4224 668 4288 in
692 4224 751 4290 hoc
765 4243 885 4307 genere
900 4223 978 4288 mihi
993 4232 1113 4288 certum
1128 4221 1258 4288 ridetur
1272 4218 1409 4306 syllabas

306 4325 536 4394 vocabulorum
552 4326 719 4410 contiguas
734 4345 908 4409 numquam
930 4325 1150 4391 commisceri.
1166 4341 1271 4407 neque
1293 4323 1351 4388 hoc
1370 4316 1409 4382 de

308 4431 423 4496 Plauto
445 4429 550 4494 minus
569 4429 658 4496 valet
672 4449 768 4512 quarn
784 4429 826 4494 de
842 4430 977 4496 ueteris.
994 4426 1082 4512 apud
1097 4425 1182 4492 hunc
1195 4427 1268 4494 sine
1282 4423 1408 4492 elisione

308 4533 417 4600 inveni
445 4532 545 4617 haec,
576 4533 715 4620 Maponi
740 4535 792 4599 rei
813 4533 961 4620 publicai
984 4531 1114 4618 pratia,
1136 4535 1203 4596 tum
1225 4523 1406 4604 moedis,
