3052 5144
613 440 628 506 1

62 619 124 674 tom
145 612 267 694 glaeies
289 611 372 676 aeris
393 611 527 676 flamma
549 609 673 676 devicta
696 607 863 689 liquescit,

62 731 225 810 permanat
246 725 336 792 oalor
357 731 527 808 argentum
546 723 775 807 penetraleque
798 720 920 802 frigus,

12 860 40 906 au
62 838 186 922 quando
209 845 377 923 utrumque
398 859 497 904 mann
519 837 693 902 retinentes
714 835 833 920 poeula
855 834 913 898 rite

61 955 214 1020 sensimus
238 954 345 1020 infuso
368 953 570 1038 lympharum
593 972 665 1018 rore
688 969 846 1034 superne.

61 1088 156 1150 usque
179 1067 263 1134 adeo
286 1069 317 1132 in
342 1069 437 1134 rebus
459 1067 555 1132 solidi
578 1068 622 1132 nil
646 1085 718 1132 esse
741 1064 901 1148 videtur..

59 1184 112 1248 sed
134 1183 209 1265 quia
231 1203 308 1248 vera
330 1190 438 1248 tamon
461 1183 542 1248 ratio
567 1189 745 1264 naturaque
770 1201 873 1246 rerum

61 1299 160 1382 dogit,
183 1297 285 1380 ades,
309 1297 422 1380 pauois
444 1298 519 1362 (lum
541 1297 685 1364 versibus
708 1295 919 1380 expediamus

0 1433 37 1478 ‚oo
59 1433 125 1478 esse
147 1433 185 1478 ea
208 1431 294 1496 quae
317 1411 420 1478 solido
443 1418 539 1495 atque
562 1419 694 1478 aeterno
719 1430 853 1496 eorpore
875 1415 1040 1482 constent,

59 1529 174 1594 semina
198 1547 283 1610 quae
305 1545 410 1592 retum
433 1526 670 1611 primordiaque
693 1545 764 1592 esse
788 1525 959 1608 donemus,

59 1643 137 1708 unde
160 1642 265 1708 omnis
287 1661 393 1708 rerum
416 1661 500 1706 nuno
521 1647 643 1706 eonstet
666 1660 790 1705 summa
812 1647 941 1706 ereata.

93 1755 252 1842 Principio
276 1756 427 1840 quoniam
448 1755 567 1840 duplex
591 1761 706 1820 natura
728 1755 865 1820 duarum

60 1869 216 1938 dissimile
240 1891 346 1936 rerum
369 1871 466 1952 longe
489 1863 637 1936 oonstare
660 1875 837 1954 repertast,

1 2005 38 2050 ¹>oa
60 1987 212 2070 eorporis,
236 1993 334 2068 atque
357 1986 437 2068 loni,
461 2005 512 2052 res
534 1986 567 2050 in
591 2005 654 2068 quo
676 2003 823 2066 quaeque
849 1991 1025 2068 geruntur,

61 2119 124 2166 esse
145 2107 316 2183 utramque
338 2101 398 2166 sibi
421 2120 478 2184 per
500 2119 536 2166 se
558 2118 735 2184 puramque
758 2105 941 2164 neeessest.

61 2232 127 2278 nam
146 2235 208 2300 qua
231 2233 371 2298 eumque
393 2221 485 2280 vacat
507 2215 670 2298 spatium,
694 2213 782 2296 quod
804 2213 902 2280 inane
925 2233 1095 2298 vooarnus,

63 2347 163 2413 eorpus
185 2351 227 2397 ea
251 2350 315 2395 non
339 2335 407 2396 est:
432 2349 496 2412 qua
518 2351 613 2414 porro
637 2348 773 2412 eumque
796 2335 884 2394 tenet
907 2349 942 2394 se

60 2461 183 2528 eorpus,
206 2465 250 2510 ea
273 2463 407 2509 vaenum
432 2463 635 2528 nequaquam
659 2449 783 2508 eonstat
805 2443 921 2508 inane.

13 2574 37 2618 ro
58 2563 124 2622 sunt
143 2559 241 2642 igitur
265 2557 369 2624 solida
391 2579 429 2624 ae
452 2559 522 2626 sine
546 2559 631 2624 inani
655 2577 792 2642 oorpora
813 2557 936 2641 prima.

58 2681 218 2754 praeterea
241 2673 391 2756 quoniam
415 2673 531 2758 genitis
554 2674 587 2738 in
612 2673 707 2738 rebus
728 2672 873 2754 inanest,

58 2788 214 2854 materiem
238 2787 357 2852 oiroum
379 2787 518 2854 solidam
541 2795 689 2854 constare
713 2793 898 2852 necessest:

58 2919 112 2964 neo
132 2921 184 2968 res
207 2902 276 2966 ulla
298 2907 404 2985 potest
425 2922 501 2966 vera
524 2901 647 2966 ratione
671 2901 799 2985 probari

58 3033 185 3099 corpore
207 3017 304 3082 inane
326 3036 385 3082 suo
409 3016 514 3082 celare
536 3021 631 3098 atque
655 3016 740 3082 intus
762 3015 905 3088 habere,

2 3145 37 3190 ru
57 3129 80 3192 sl
102 3150 185 3206 non,
209 3129 297 3212 quod
319 3129 467 3206 eohibet‚
491 3129 627 3194 solidum
651 3136 799 3196 eonstare
823 3130 1004 3210 relinquas:

58 3241 88 3306 id
108 3264 203 3328 porro
226 3243 273 3307 nil
294 3262 366 3309 esse
389 3249 493 3327 potest
515 3243 576 3308 nisi
600 3244 743 3308 materiai

60 3357 247 3433 concilium,
271 3357 356 3439 quod
379 3357 475 3422 inane
499 3358 533 3421 in
556 3355 643 3422 rebu'
668 3365 763 3438 queat
786 3357 953 3422 ctrlribero.
1052 3388 1059 3404 ·

58 3472 201 3537 materies
224 3471 341 3556 igitur,
365 3471 468 3537 solido
493 3493 574 3554 quae
598 3492 730 3556 empore
752 3478 897 3546 constat,

58 3603 123 3652 esse
145 3593 279 3652 aeterna
302 3593 426 3670 potest,
450 3606 520 3650 euru
544 3593 652 3652 uetera
676 3586 912 3668 dissoluuntur,
978 3611 979 3616 ¹

5 3713 39 3759 no
59 3707 118 3764 tum
140 3721 238 3784 porro
262 3701 288 3766 si
312 3701 356 3764 nil
380 3707 466 3766 esset
487 3699 574 3782 quod
598 3702 693 3766 inane
716 3707 863 3776 vacaret,

60 3835 147 3880 otone
169 3814 254 3880 foret
276 3814 435 3880 solidum:
459 3816 519 3880 uisi
543 3821 653 3880 eorrtra
675 3837 810 3900 eorpora
833 3823 920 3881 oorta

61 3937 179 4014 essent,
204 3949 287 4012 quae
310 3930 381 3994 loca
403 3930 600 4014 complerent
622 3949 704 4012 quae
727 3950 861 4012 eumque
884 3937 1049 4004 tenerent,

63 4060 149 4108 omne
171 4044 260 4126 quod
282 4051 350 4120 est,
375 4045 513 4129 spatium
536 4065 670 4110 vanuum
695 4053 856 4112 constaret
877 4046 995 4110 inane.

63 4155 186 4224 alternis
208 4159 325 4242 igitur,
347 4158 379 4222 ni
403 4159 537 4236 mirum,
562 4179 677 4242 eorpus
699 4159 788 4224 inani

68 4398 110 4444 istd
127 4411 222 4449 consulet
246 4397 258 4466 ΙΙ
279 4405 328 4450 517
349 4403 424 4451 inune
443 4411 518 4464 queat
537 4419 619 4450 rurum
639 4399 653 4472 Η
675 4405 724 4450 5⁸20
744 4411 780 4450 est
801 4398 814 4468 Η
834 4415 951 4453 voearet.

934 4501 981 4568 2*
