3020 5146
566 447 624 510 1111

56 617 189 682 cernundi
212 637 313 700 neque
334 637 430 703 poene
453 617 522 682 eine
545 617 594 682 hio
616 637 668 682 reo
690 618 756 681 ulla
777 619 900 684 videri.

57 751 125 795 nuno
146 751 182 796 ea
203 751 285 814 quae
308 732 379 798 dieo
402 752 507 796 rerum
531 732 701 796 simulaora
723 729 866 796 feruntur

34 843 175 926 ‚undique
197 847 282 910 etin
305 855 434 912 eunetas
457 846 614 912 ineiuntur
636 845 736 910 didita
757 847 878 930 partie:

55 977 146 1022 uerum
168 981 224 1025 nos
246 963 349 1026 oeulis
371 962 446 1043 quin
469 960 547 1025 solis
568 980 696 1026 eernere
720 961 864 1044 quimus,

57 1081 200 1156 propterea
222 1075 256 1138 lit
278 1077 344 1160 uti,
361 1075 500 1160 speeiem
524 1097 586 1158 quo
609 1076 780 1159 vertimur,
797 1096 907 1140 omnes

58 1206 97 1250 ree
116 1188 152 1252 ibi
174 1208 244 1254 eam
268 1199 380 1254 eontra
403 1189 519 1254 feriant
541 1189 644 1253 forma
666 1196 761 1271 atque
785 1191 910 1255 colore.

56 1308 79 1362 et
98 1309 234 1382 quantum
258 1323 406 1386 quaeque
428 1305 469 1368 ab
492 1303 585 1368 nobis
607 1321 659 1368 res
682 1303 786 1382 absit,
802 1304 911 1388 imago

34 1431 38 1474 1
59 1415 137 1479 eltieit
156 1425 187 1480 ut
207 1418 377 1483 videamus
395 1408 431 1482 'et
451 1417 666 1484 internoroere
689 1418 793 1500 cogit:

57 1547 114 1592 num
135 1550 200 1595 eum
223 1531 376 1614 mittitur,
394 1527 553 1615 extemplo
576 1532 733 1615 protrudit
756 1533 885 1615 agitque

55 1650 115 1707 atra
136 1646 184 1728 qui
204 1646 287 1711 inter
311 1666 345 1711 se
368 1664 503 1727 eumque
526 1651 575 1710 est
591 1646 770 1728 ¹oeulooque
794 1647 935 1730 locatus,

53 1755 127 1838 isque
146 1760 188 1824 ito
209 1779 267 1845 per
290 1767 416 1826 nostras
438 1760 524 1826 acies
547 1761 721 1844 perlabitur
745 1761 847 1824 omnis

55 1879 77 1933 et
96 1875 175 1954 quasi
197 1880 357 1958 perterget
379 1874 519 1958 pupillas
541 1882 638 1957 atque
660 1876 703 1938 ito
725 1875 858 1940 transit.

34 1995 195 2069 propterea
217 1989 251 2053 fit
273 1989 320 2052 uti
342 1988 508 2054 videamus
530 2009 625 2070 quam
648 1967 759 2072 prooul
781 1989 866 2053 absit

34 2119 95 2163 ures
113 2122 273 2185 quaeque.
291 2109 323 2168 et
346 2110 466 2185 quanto
488 2104 560 2188 pluo
583 2107 668 2172 aeris
690 2112 764 2172 aute
786 2105 927 2188 agitatur

34 2220 80 2273 rel
95 2224 206 2281 nostroe
229 2217 342 2283 oeulos
364 2225 525 2302 perterget
546 2220 672 2302 longior
694 2241 794 2302 aure,

61 2334 106 2388 111
122 2332 225 2412 prooul
248 2311 323 2398 ense
345 2333 450 2415 magis
473 2354 525 2400 res
548 2354 695 2417 quaeque
719 2340 839 2400 remota
861 2332 1005 2397 videtur.

59 2439 166 2529 seilicet,
183 2447 263 2514 haee
286 2467 408 2512 summe
431 2449 527 2514 eeleri
549 2451 672 2514 ratione
696 2455 869 2531 geruntur,

34 2556 128 2633 rqrrale
148 2561 186 2624 ait
207 2569 242 2626 ut
264 2563 450 2648 videamus,
468 2570 499 2630 et
521 2585 585 2628 una
608 2585 704 2647 quarn
727 2562 838 2647 procul
861 2556 962 2628 absit.

55 2667 114 2736 illud
132 2676 161 2739 in
183 2677 232 2742 lris
257 2677 354 2743 rebus
377 2679 505 2745 minime
528 2679 675 2744 mirabile
699 2677 932 2757 habendumst,

53 2803 110 2862 eur,
125 2809 160 2854 ea
182 2811 266 2872 quae
289 2791 406 2856 feriunt
428 2795 538 2860 oeulos
561 2775 733 2861 simulacra
755 2793 856 2858 videri

52 2899 154 2985 singula
176 2926 245 2971 eum
270 2914 451 2989 nequeant,
468 2927 519 2974 res
541 2910 631 2994 ipsae
655 2908 909 2994 perspiciantur.

53 3025 143 3084 reulus
164 3022 248 3086 eninr
272 3041 401 3104 quoque
423 3023 577 3106 paulatim
601 3043 670 3090 oum
694 3023 842 3090 verberat
864 3029 895 3086 et
918 3042 988 3087 oum

52 3149 110 3196 aere
130 3134 193 3198 fluit
215 3137 338 3217 frigus,
355 3157 419 3201 non
441 3139 562 3221 privam
585 3159 744 3222 quomque
768 3138 907 3204 solemus

34 3247 216 3326 »periculam
240 3252 327 3315 venti
351 3253 468 3338 sentire
492 3260 523 3318 et
546 3253 674 3337 frigoris
697 3254 785 3330 eius,

53 3360 98 3423 aed
117 3365 216 3447 magio
239 3387 391 3432 uuorsum
406 3419 413 3448 ,
429 3367 561 3452 fierique
583 3368 716 3454 perinde
739 3367 883 3434 videmus

52 3493 164 3559 corpore
185 3486 251 3544 tum
278 3482 395 3566 plagas
418 3484 580 3548 innostro
604 3492 668 3551 tam
694 3503 789 3568 quam
813 3483 941 3564 aliquae
964 3503 1016 3550 res

52 3587 178 3658 verberet
199 3603 296 3676 atque
318 3597 368 3660 sui
390 3599 444 3662 det
466 3618 595 3664 sensum
618 3598 760 3682 eorporis
784 3603 893 3662 extra.

34 3713 199 3780 »praeterea
222 3709 362 3794 lapidem
385 3711 484 3794 digito
508 3733 579 3778 eum
602 3713 784 3796 tundimus,
801 3713 905 3797 ipsum

53 3819 191 3900 tangimus
212 3831 390 3890 extremum
412 3827 481 3890 saxi
504 3847 723 3910 summumque
746 3828 906 3906 oolorem,

53 3947 98 3995 nee
115 3939 266 4004 sentimus
288 3959 359 4004 eum
382 3946 487 4024 tactu,
504 3959 611 4006 verum
636 3943 740 4023 magis
762 3943 866 4027 ipsam

53 4042 180 4116 duritiem
201 4053 328 4137 penitus
350 4054 420 4121 nani
442 4054 596 4122 sentimus
619 4057 650 4120 in
674 4057 760 4122 alto.

55 4209 229 4227 *R-

54 4315 94 4362 '240
111 4317 190 4372 dedita
214 4319 227 4390 ΙΙ
255 4325 305 4372 245
325 4331 412 4372 curat.
438 4319 452 4390 ΙΙ
477 4325 527 4373 246
546 4325 659 4388 protudit
684 4321 696 4392 ll
723 4326 773 4373 249
793 4331 906 4388 perleget
925 4321 939 4394 Η
963 4326 1119 4374 1511111111
1139 4320 1156 4391 {l

55 4403 93 4448 ull
114 4407 215 4470 primam
237 4409 250 4476 pl
271 4411 319 4458 ‘267
340 4409 411 4476 ipso.
