2996 5148
343 430 408 496 220
883 423 927 488 VI

345 617 440 680 quom
465 616 536 661 cnm
559 594 705 680 discidit,
721 595 794 660 binc
817 595 1033 680 prorumpitur
1055 594 1088 660 in
1110 615 1199 662 mare
1222 595 1307 662 venti

343 711 392 776 vis
415 719 446 775 et
468 710 626 776 fervorem
649 711 762 776 mirum
786 711 957 778 concinnat
978 709 1011 774 in
1035 709 1149 778 undis:

345 825 569 892 versabundus
592 825 676 890 enim
698 825 789 890 turbo
813 823 979 890 descendit
1000 831 1033 890 et
1054 825 1143 912 illam

344 940 475 1006 deducit
496 939 615 1023 pariter
637 940 723 1005 lento
746 959 817 1004 curn
842 957 977 1024 corpore
998 940 1138 1022 nubem;

269 1075 319 1122 44ο
346 1075 442 1137 qnam
465 1055 558 1120 simul
582 1074 620 1120 ac
642 1055 809 1138 gravidam
833 1054 966 1120 detrusit
987 1059 1030 1122 ad
1054 1075 1198 1139 aequora
1219 1055 1329 1140 ponti.

345 1169 400 1235 ille
423 1170 453 1234 in
477 1189 594 1252 aquam
618 1170 721 1234 subito
743 1174 843 1234 toturn
867 1189 903 1236 se
925 1172 1050 1238 inmittit
1073 1179 1105 1237 et
1126 1189 1220 1238 omne

346 1285 465 1349 excitat
487 1284 608 1369 ingenti
632 1284 738 1350 sonitu
760 1303 847 1348 mare
871 1283 995 1352 fervere
1019 1305 1157 1372 cogens.

238 1391 247 1412 ⁸
345 1399 378 1464 tit
401 1419 529 1481 quoqne
555 1405 588 1463 ut
610 1400 751 1466 involvat
772 1400 856 1466 venti
880 1421 916 1466 se
940 1402 1075 1468 nubibus
1097 1403 1165 1486 ipsc

345 1521 472 1597 vertex,
489 1513 669 1580 conradens
692 1535 732 1580 ex
755 1521 829 1580 aere
852 1516 975 1582 semina
998 1517 1110 1600 nubis,

270 1633 379 1696 scoot
401 1629 492 1710 quasi
514 1629 685 1694 demissum
709 1630 800 1696 caelo
824 1639 968 1714 prestera
989 1631 1146 1698 imitetur:

345 1743 396 1808 bie
419 1745 471 1808 ubi
496 1764 530 1809 se
553 1743 587 1808 in
610 1752 712 1810 terras
736 1745 863 1812 demisit
885 1745 1118 1830 dissoluitque‚

345 1859 479 1924 turbinis
501 1860 660 1924 inmanem
685 1861 747 1924 vim
771 1860 929 1943 provomit
950 1869 1048 1942 atque
1070 1859 1254 1945 procellae.

344 1973 401 2040 sed
425 1975 502 2057 quia
523 1975 558 2038 fir
579 1995 653 2040 raro
677 1975 805 2040 omnino
829 1974 1008 2057 montisque
1030 1981 1195 2042 necessest

345 2089 471 2154 officere
494 2090 526 2152 in
549 2089 659 2174 terris,
676 2097 813 2174 apparet
835 2087 975 2154 crebrius
996 2089 1083 2156 idem

271 2224 322 2270 roo
347 2209 515 2288 prospectu
540 2205 635 2269 maris
656 2205 689 2268 iu
712 2225 828 2286 magno
852 2205 1005 2286 caeloque
1028 2205 1167 2288 patenti.

383 2318 502 2385 Nubila
524 2327 752 2397 concrescunt,
768 2319 822 2384 ubi
846 2339 982 2404 corpora
1004 2320 1104 2385 multa
1125 2319 1266 2386 volando

345 2433 404 2498 boc
426 2453 543 2518 supero
566 2435 597 2498 in
622 2435 702 2500 caeli
725 2437 830 2521 spatio
854 2443 959 2500 coiere
982 2440 1111 2518 repente

344 2549 533 2633 asperiora,
550 2550 647 2616 moris
669 2569 753 2632 quae
776 2551 901 2636 possint
923 2550 1111 2636 indupedita

345 2663 472 2744 exiguis
492 2669 603 2730 tamen
626 2666 707 2732 inter
730 2685 765 2731 se
788 2685 979 2752 comprensa
1001 2666 1121 2732 teneri.

270 2795 320 2844 roo
346 2775 427 2844 haec
449 2777 569 2844 iaciunt
593 2780 726 2865 primum
750 2803 868 2867 parvas
891 2783 1065 2848 consistere
1088 2781 1210 2848 nubes:

347 2891 421 2960 inde
444 2895 525 2962 baec
548 2899 779 2982 comprendunt
800 2898 883 2962 inter
905 2917 940 2962 se
963 2915 1087 2980 conque
1110 2901 1288 2983 gregantur

345 3015 377 3076 et
399 3011 621 3094 coniungendo
645 3019 793 3080 crescunt
815 3012 981 3095 ventisque
1004 3011 1148 3078 seruntur

348 3147 449 3209 usque
472 3129 554 3194 adeo
579 3127 680 3194 donec
702 3135 877 3213 tempestas
900 3147 998 3194 saeva
1020 3133 1179 3194 coortast.

346 3243 381 3308 tit
403 3263 531 3326 quoque
552 3245 597 3308 oti
621 3243 737 3310 montis
759 3243 865 3310 vicina
888 3242 1053 3310 cacumina
1075 3243 1167 3308 caelo

272 3378 323 3426 sco
348 3377 443 3440 quarn
466 3359 528 3424 siut
550 3379 678 3440 quoque
701 3359 824 3444 magis,
841 3365 928 3424 tento
954 3357 1057 3444 magis
1079 3359 1167 3424 edita
1187 3356 1315 3424 fument

346 3471 479 3537 ndsidne
501 3473 610 3540 furvae
634 3475 728 3540 nubis
751 3473 890 3558 caligine
912 3491 1022 3538 crassa

348 3595 518 3672 propterea
541 3590 635 3671 quia,
652 3610 722 3656 cum
746 3590 924 3656 consistunt
946 3589 1055 3653 nubile
1078 3587 1234 3673 primum,

349 3709 425 3768 ante
449 3703 556 3768 videre
580 3705 663 3770 oculi
686 3727 780 3788 qnam
804 3704 949 3790 possint,
965 3689 1093 3787 tenuia,
1109 3703 1194 3768 venti

347 3825 512 3903 portantes
534 3827 651 3906 cogunt
674 3821 716 3888 ad
740 3841 865 3888 summa
887 3821 1052 3886 cacumina
1076 3818 1212 3884 montis:

274 3955 325 4002 roo
349 3933 401 4000 bic
425 3935 552 4000 demum
574 3936 610 4000 fit
631 3937 676 4000 uti
698 3937 793 4003 turba
815 3936 936 4003 maiore
959 3941 1070 4000 coorta
1164 3973 1171 3984 ·

349 4119 528 4128 u—n--q-
536 4121 549 4128 .-

352 4240 402 4288 tus
422 4247 497 4288 vent.
523 4237 535 4306 ΙΙ
563 4243 614 4290 440
633 4241 726 4290 detruit
751 4238 764 4308 ΙΙ
789 4243 841 4290 444
859 4241 912 4290 aeri
939 4237 952 4306 Η
978 4243 1027 4288 447
1048 4237 1187 4303 procellat.
1212 4234 1225 4301 ΙΙ
1250 4239 1301 4286 449
1322 4237 1437 4288 officeret
1453 4228 1463 4294 Η

352 4328 497 4390 estsuper
521 4322 536 4393 Η
560 4327 630 4376 coire
654 4325 667 4395 Η
687 4330 738 4378 458
757 4328 840 4378 modis
861 4329 873 4396 ΙΙ
894 4331 1109 4392 lbtcompresss
1129 4322 1263 4392 11466444
1288 4321 1301 4392 ll
1323 4327 1371 4374 tsi
1393 4321 1464 4370 rurae

352 4412 432 4464 nubes
453 4411 466 4483 Η
487 4416 537 4464 465
555 4429 637 4464 mmor
