3096 5142
670 383 699 449 v
1176 360 1237 452 aot
1318 331 1357 352 '¹

127 581 211 625 σενι.
227 556 283 623 ο5ἰ
305 553 545 622 Hildebrandus
571 552 662 620 dedit
685 554 824 637 νὀοοονσ,
838 551 889 621 ‘ex
912 552 1041 639 optimis
1063 552 1236 620 oodioibus'

126 659 249 745 inquit,
269 658 358 745 ‘quia
379 657 551 743 Apuleium
576 654 751 724 videndum
781 661 831 722 est
859 655 1042 722 memoriter
1063 655 1148 723 hune
1169 675 1239 724 ver-

1 779 2 804 ³
125 783 198 830 sum
225 761 408 829 reeitasse.'
432 765 467 827 at
488 759 644 846 Apuleius
668 759 851 826 memoriter
876 759 1006 844 scripsit
1025 760 1144 842 νὀσιω,
1167 779 1239 825 oum

1 883 2 912 t
124 864 222 932 modo
241 863 404 950 posuisset
424 876 580 951 usurpas:
594 859 769 928 videndum
791 868 840 929 est
861 868 969 928 antem
991 881 1033 928 no
1048 860 1239 930 Hildebran·

84 1001 87 1008 v
125 967 186 1035 dus
208 967 262 1034 hio
282 973 319 1032 ut
339 966 421 1032 solet
443 965 598 1052 ineptiat.
1082 1037 1087 1046 ,

210 1070 284 1137 580.
309 1069 413 1134 Ausa
434 1087 504 1132 ens
524 1087 698 1134 sunnon.
718 1068 887 1136 Οοποολοτ
910 1067 1041 1151 oblongi
1063 1069 1188 1135 Anas.
1204 1069 1238 1136 in

123 1172 242 1241 eodem
255 1173 390 1261 spectem
412 1171 609 1258 quadratus,
626 1177 659 1238 et
680 1170 840 1256 oblongus
854 1169 959 1256 prima
980 1189 1078 1237 mauu
1092 1172 1237 1239 videtur.

211 1275 285 1342 581.
310 1273 420 1354 Quum
441 1294 481 1338 τι
502 1295 637 1342 rruun.
658 1271 731 1340 Itali
752 1274 937 1340 minimum.
957 1272 1121 1340 Bentleius
1148 1294 1237 1360 pror-

121 1398 181 1444 sus
214 1377 348 1462 egregie
373 1398 502 1463 arsur,
522 1377 610 1463 quod
640 1376 772 1463 Epicuri
803 1374 913 1443 verbis
946 1373 1132 1459 eontirmat‚
1153 1395 1238 1460 quae

123 1481 292 1565 Diogenes
313 1479 447 1567 protulit
468 1481 622 1565 inx,91‚
642 1474 673 1547 ελ
693 1473 756 1567 γάρ
779 1475 923 1568 opseri
945 1477 1093 1564 μέγεθος
1115 1476 1175 1546 διὰ
1196 1477 1236 1547 τὸ

122 1577 296 1671 διάστημα
322 1576 575 1672 ἀποβεβλήκει,
599 1583 717 1673 πολλῷ
744 1575 786 1649 liv
812 1581 940 1666 μᾶλλον
967 1579 1027 1670 τήν
1051 1575 1178 1670 χρόαν.
1203 1583 1237 1648 iu

121 1685 243 1771 quibus
266 1680 371 1774 χρόαν
396 1693 482 1754 reete
508 1687 734 1772 iuterpretatur
761 1685 921 1768 colorem,
942 1685 1003 1752 hoo
1029 1691 1079 1752 est
1105 1684 1236 1772 superfi-

120 1789 207 1856 eiam
231 1794 264 1856 et
285 1796 445 1856 extremas
467 1808 564 1856 oras.

210 1891 285 1958 584.
320 1891 476 1972 Qnsnro
509 1912 660 1965 ouoouu
694 1911 887 1963 oussrssu
919 1910 1006 1954 urse
1039 1911 1147 1956 noers
1181 1911 1236 1954 vr-

119 2013 275 2060 nnsrua
296 2016 332 2059 ru
354 2015 450 2060 anuo
472 2045 480 2060 .
509 1995 582 2062 596.
606 1994 762 2075 Qnsnus
786 2013 983 2066 ouoounsr
1005 2013 1126 2058 ussus
1148 2013 1236 2058 urso

118 2119 236 2163 sonus
263 2117 429 2163 urnuuua
455 2119 492 2162 uu
517 2117 612 2162 suro
633 2145 642 2162 .
665 2096 848 2176 Quadratus
874 2097 908 2162 in
936 2115 1033 2164 versu
1058 2097 1122 2164 596
1147 2097 1237 2162 nodis

118 2199 266 2268 στ’ᾱνλον.
282 2200 375 2267 lunius
391 2205 550 2267 eorreetor
571 2219 698 2267 versum
720 2200 785 2268 594
797 2199 861 2268 595
872 2199 935 2266 596
957 2199 991 2264 in
1013 2199 1159 2284 margine
1181 2219 1236 2265 uo-

118 2304 224 2372 tavit:
247 2305 360 2370 horum
385 2309 581 2389 postremum
607 2302 730 2388 primus
752 2303 936 2387 Naugerius
963 2299 1104 2387 delevit,
1124 2321 1237 2370 verum

118 2404 271 2473 ordinem
294 2406 450 2473 Marullus
472 2406 537 2470 iam
559 2403 704 2471 viderat.
720 2405 779 2472 sed
800 2425 930 2473 versum
944 2403 1009 2472 584
1030 2423 1103 2471 oum
1118 2404 1235 2472 Wake-

117 2507 238 2576 fieldus
252 2508 491 2594 imperitissime
506 2507 552 2572 ita
566 2508 762 2593 corrupisset
776 2509 902 2588 Quanta
913 2533 1035 2596 qaoque
1046 2521 1091 2575 est
1101 2521 1235 2595 quanto,

117 2613 195 2679 tino
218 2611 308 2677 οοόἰε
321 2609 467 2677 videatur
486 2611 521 2675 io
543 2610 607 2676 alto
616 2660 625 2693 ‚
642 2609 867 2696 lliohstadius,
884 2611 971 2696 quod
987 2629 1097 2677 omues
1113 2609 1235 2678 fefelle-

117 2721 193 2797 rat,
209 2732 321 2780 verum
334 2714 421 2780 solus
433 2713 576 2798 invenit,
593 2712 828 2792 Qunsusoun
842 2728 961 2802 quanta
973 2727 1039 2798 est5
1053 2733 1120 2798 qua
1130 2733 1236 2781 emen-

117 2815 255 2884 datione
277 2815 385 2882 effeoit
406 2823 440 2881 ut
461 2815 514 2881 hio
533 2817 634 2881 semel
658 2815 756 2883 valde
777 2816 960 2883 laudandus
982 2816 1044 2883 sit.

207 2919 281 2986 586.
306 2939 400 2990 Quos
422 2937 572 2990 eunoun
600 2939 636 2981 un
658 2939 789 2982 usurus
812 2940 1020 3004 onanruue,
1043 2919 1127 2983 Dum
1150 2939 1235 2982 ran·

115 3042 198 3088 non
221 3041 385 3086 cussus.
402 3021 560 3087 Antonius
584 3019 676 3086 Marii
698 3022 786 3088 Dum
807 3034 922 3087 tremor
943 3041 1009 3084 usn
1032 3022 1140 3088 clarus
1151 3073 1160 3106 ‚
1176 3021 1235 3088 sed

117 3124 208 3191 idem
224 3124 364 3208 pessime
379 3125 535 3190 emimus
550 3122 682 3188 λοννννε
697 3143 801 3208 neque
816 3124 930 3190 melius
947 3123 1124 3209 Marullus,
1141 3143 1234 3208 quem

116 3233 232 3294 tamen
248 3245 358 3292 omues
374 3232 544 3310 sedentur,
560 3223 721 3291 οενννίννοε
735 3227 824 3314 {pnes
845 3227 879 3292 in
893 3227 1002 3314 priore
1016 3246 1132 3312 versu,
1152 3234 1187 3292 ut
1201 3227 1235 3290 iu

116 3330 271 3416 proximo
286 3335 361 3395 ante
376 3348 448 3394 eum
468 3327 602 3393 αοελεννὶν
618 3329 708 3414 ν’ρννεε
717 3377 726 3412 ‚
743 3329 932 3415 repetitione
951 3331 1081 3415 inepta.
1097 3349 1161 3395 non
1178 3328 1234 3394 du-

116 3432 188 3500 bito
212 3431 290 3516 quin
312 3429 518 3498 scribendum
539 3430 582 3496 sit
596 3449 771 3494 susurrus
792 3433 879 3498 Dum
901 3445 1015 3500 tremor
1039 3445 1084 3499 eet
1105 3433 1233 3498 claros.

207 3533 281 3600 589.
305 3555 379 3606 ouo
401 3554 561 3599 monuwa
583 3554 714 3598 susm.
737 3535 912 3602 Lambinus
934 3535 1057 3620 οόοίνιο,
1078 3555 1142 3619 quo
1163 3535 1234 3620 ipae

117 3635 191 3703 fieri
207 3655 273 3702 non
288 3636 517 3705 animadvertit
538 3640 573 3701 ut
587 3634 668 3702 haee
686 3637 787 3702 verba
809 3636 851 3703 ad
866 3636 959 3720 ignes
983 3639 1139 3705 caelestes
1153 3636 1235 3704 refe·

117 3737 226 3806 reuda
247 3739 330 3822 sint,
347 3759 418 3805 oum
432 3744 542 3806 umen
557 3743 681 3806 eoustet
695 3757 735 3805 ea
750 3739 793 3806 ad
809 3746 975 3806 tenestres
989 3741 1171 3826 pertinere.
1187 3740 1235 3806 sio

116 3841 208 3908 enim
223 3839 265 3906 de
279 3841 503 3926 magnitudine
526 3841 605 3908 solie
620 3839 779 3927 Epicurus
800 3840 886 3928 apud
901 3842 1064 3909 Latrtium
1080 3844 1113 3909 in
1128 3865 1159 3926 x,
1172 3845 1212 3910 91
1227 3893 1234 3908 .

115 3941 157 4013 τὸ
183 3942 224 4012 δὲ
237 3943 382 4031 μέγεθος
395 3937 494 4032 ἡλίου
515 3968 552 4012 τε
567 3942 623 4012 καὶ
636 3945 703 4010 τῶν
725 3943 855 4012 λοιπῶν
872 3935 1001 4030 ἶν’στρων
1022 3944 1106 4012 κατὰ
1120 3944 1182 4031 μὲν
1194 3944 1234 4013 τὸ

115 4045 208 4137 πρὸς
223 4039 312 4134 ἡμᾶς
322 4043 518 4136 τηλικοῦτόν
534 4045 623 4116 ἔστιν
635 4042 752 4136 ἡλίκον
767 4044 924 4136 φαίνεται
940 4039 1040 4136 (ἄλλο
1052 4048 1114 4137 γὰρ
1125 4043 1234 4137 τούτῳ

117 4146 411 4237 συμμετρούμενον
422 4146 590 4239 διάστημα
606 4145 714 4220 atate
725 4149 849 4239 ἔστιν),
866 4148 949 4218 κατὰ
964 4151 1002 4220 δὲ
1015 4146 1136 4220 τὸκατ’
1151 4145 1234 4218 αὐτὸ

115 4247 197 4341 ἤτοι
206 4255 321 4340 μεῖζον
331 4257 393 4324 τοῦ
404 4248 575 4343 ὁρωμένου
586 4248 607 4343 ἢ
620 4250 759 4324 ἔλαττον
769 4257 878 4344 μικρῷ
889 4249 910 4343 ἢ
921 4254 1116 4342 τηλικοῦτον
1126 4248 1233 4337 τυχόν·

116 4353 209 4426 οὕτω
219 4356 283 4447 γὰρ
298 4358 355 4427 καὶ
368 4357 411 4426 τὰ
422 4352 500 4448 παρ’
514 4353 593 4447 ἡμῖν
607 4358 697 4449 παρὰ
709 4356 747 4438 ἐξ
761 4352 998 4448 ἀποστήματος
1012 4353 1234 4446 θεωρούμενα

116 4460 205 4530 κατὰ
214 4460 275 4550 τήν
288 4457 446 4552 αἴσθησιν
458 4465 655 4550 θεωρεῖται.
668 4481 746 4549 ergo
759 4461 961 4530 seribendum
974 4469 1023 4530 eet
1034 4487 1095 4551 qao
1108 4463 1233 4550 loopius

116 4572 439 4636 susurratorem
462 4567 496 4634 in
518 4566 736 4652 superioribus
755 4565 912 4650 oblongus
934 4566 1058 4634 νίᾱεινν
1069 4615 1078 4652 ,
1094 4563 1232 4650 quadra·

898 4746 910 4786 Ι
