2996 5148
314 383 355 451 36
859 379 876 448 Ι

313 555 426 640 aquila
436 553 585 621 Valerius
597 554 732 620 Flaccus
745 553 778 617 in
794 573 821 638 r,
836 554 895 618 157
911 552 1142 640 ualr’drbfiuam
1158 554 1250 640 err'pr't
1263 552 1404 639 uapusbus

313 682 449 746 apuam.
469 656 521 722 hia
537 661 664 739 autem,
685 655 740 721 ubi
756 655 797 721 de
817 655 955 741 plectere
970 654 1094 738 agitur,
1117 674 1188 720 eum
1201 655 1365 740 percauta
1378 657 1406 718 et

309 761 540 848 plomeramt‘ua
551 764 583 824 et
595 759 830 844 ccaplomcrart'
840 777 904 822 non
920 755 1017 822 modo
1033 757 1084 822 bic
1098 763 1196 842 poeta
1210 755 1342 837 dixerit,
1356 753 1406 820 sed

312 861 427 928 eadem
442 882 592 928 mensura
608 861 684 927 olim
698 859 817 925 Ennius
829 859 919 925 Eleu
934 860 987 944 (aa
1002 861 1203 944 exemplaria
1216 857 1310 925 Nouii
1320 877 1349 942 p.
1360 858 1406 939 90)

312 988 381 1030 mea
393 965 546 1048 fortuna,
569 979 603 1028 ut
618 965 724 1029 oruata
737 964 773 1027 t’rt
793 985 841 1026 me
856 961 1069 1048 conplemeras
1084 962 1190 1044 mala,
1213 978 1290 1026 sane
1304 959 1407 1043 impro

315 1065 421 1131 babile
444 1065 571 1132 ridetur
593 1067 625 1132 in
648 1065 776 1131 nomino
791 1064 928 1149 simplici
945 1065 1107 1130 diversam
1129 1061 1407 1148 pronuntiationem

313 1167 510 1252 obtinuisse,
534 1169 724 1254 praesertim
744 1187 814 1232 cum
831 1165 917 1251 apud
934 1165 1102 1230 Horatium
1117 1165 1158 1230 sit
1179 1165 1219 1230 Ut
1232 1166 1340 1230 oiuosa
1350 1163 1408 1248 plo·

311 1293 401 1334 mus.
418 1275 587 1337 esttamen
602 1269 765 1336 fatendum
782 1269 861 1334 illud
877 1267 1067 1334 vocabulum
1083 1268 1117 1333 in
1132 1287 1225 1334 suam
1239 1284 1407 1332 mensnram

311 1370 474 1436 redactum
498 1371 549 1437 hie
571 1373 685 1439 ceteris
708 1371 813 1457 aptari
838 1389 901 1436 non
925 1387 1022 1456 posse
1044 1370 1107 1434 niti
1130 1368 1190 1434 hoc
1203 1367 1319 1449 modo,
1335 1368 1408 1432 Nau

311 1477 344 1540 st'
355 1474 566 1540 tantundemst
582 1475 614 1539 in
630 1475 761 1559 plumbo
778 1474 919 1558 corpori’
942 1485 1094 1560 qucutmn
1115 1474 1152 1538 ln
1167 1472 1265 1536 lanae
1279 1471 1410 1554 glomere

312 1590 377 1659 cst,
394 1577 576 1642 tantundem
586 1576 727 1664 pendere
738 1601 804 1663 par
819 1589 885 1660 est‚·
906 1594 990 1660 quae
1005 1575 1066 1640 etsi
1082 1594 1120 1640 eo
1144 1575 1300 1656 consilio,
1323 1579 1356 1638 ut
1375 1591 1410 1636 ne

311 1681 453 1766 emporus
468 1697 584 1744 nomeu
599 1703 615 1742 s
630 1679 738 1744 littera
751 1679 884 1762 antiquo
906 1697 994 1744 more
1017 1678 1100 1744 elisa
1121 1676 1293 1742 dicendum
1315 1682 1409 1749 esset,

311 1787 377 1846 tam
401 1781 534 1847 licenter
560 1781 721 1846 immutari
753 1781 895 1866 potuisse
924 1779 1078 1845 credibile
1100 1787 1169 1858 est,
1192 1779 1295 1846 nihilo
1318 1780 1410 1843 miuus

312 1890 438 1950 constat
453 1884 486 1948 in
503 1885 615 1966 lingua
630 1884 748 1948 Latina
762 1883 911 1966 vulgaria
926 1882 1087 1966 quaedam
1109 1882 1270 1948 voeabula
1293 1883 1343 1948 vol
1364 1901 1411 1946 no·

311 1987 420 2070 mina,
444 1991 476 2052 et
495 1987 612 2070 partim
629 1991 789 2052 vetustate
804 1985 994 2070 obscurata,
1019 1983 1139 2051 babere
1161 2004 1344 2050 mensuram
1365 1991 1412 2048 aut

311 2087 497 2170 ambiguam
512 2093 568 2152 aut
582 2087 624 2152 ab
640 2087 768 2170 origine
785 2106 845 2152 sua
861 2087 1021 2153 diversam
1035 2135 1043 2152 .
1058 2088 1105 2152 itu
1119 2085 1276 2154 differunt
1290 2089 1369 2154 inter
1381 2105 1411 2151 se

305 2213 410 2277 pasus
423 2197 455 2256 et
463 2189 617 2276 pusillas,
630 2190 694 2276 offa
706 2196 737 2254 et
749 2189 859 2274 effella,
877 2215 1013 2256 mamm
1025 2189 1227 2272 circumlita,
1242 2191 1376 2256 scrabere
1385 2197 1412 2254 et

310 2293 544 2358 aouaatttteut
558 2339 565 2355 .
582 2311 603 2356 a
617 2304 740 2358 mutatae
755 2298 788 2356 et
801 2294 933 2357 rucett'ua
948 2299 1022 2358 sunt
1036 2315 1058 2357 u
1073 2297 1222 2376 correpta
1235 2293 1411 2358 mutuniati.

307 2394 446 2478 pumilos
469 2418 490 2458 u
515 2393 604 2460 brevi
628 2399 660 2458 et
674 2395 857 2480 pumiloues
879 2393 993 2458 eadem
1016 2395 1116 2476 longa
1138 2394 1260 2459 dixisse
1284 2394 1412 2459 creditur

309 2495 454 2562 Statius:
472 2497 679 2582 pumilionem
695 2495 851 2580 producte
867 2497 1076 2563 Lucretinset
1091 2496 1269 2563 Martialis.
1282 2497 1412 2583 palltba·
1489 2485 1490 2550 i

309 2623 396 2664 ceum
405 2599 559 2684 producte
569 2599 716 2682 Plautus,
728 2600 880 2682 Lucilius,
893 2600 1029 2665 Titinius
1038 2599 1176 2666 Charisii
1188 2618 1220 2683 p.
1232 2599 1308 2682 192,
1321 2597 1411 2664 Phae

311 2700 409 2785 drus,
429 2701 476 2766 ric
491 2715 649 2767 mustacea
664 2702 828 2768 Iuvenalis
844 2709 877 2768 et
896 2700 1016 2768 Statius
1031 2702 1103 2768 silv.
1119 2723 1150 2785 r,
1167 2703 1206 2784 6,
1227 2702 1266 2767 19
1280 2723 1288 2766 :
1311 2707 1412 2766 oontm

309 2801 477 2868 merdacea
501 2811 647 2888 correpte
663 2805 696 2868 in
713 2804 852 2889 Priapeo
864 2805 925 2887 69,
942 2804 982 2869 8.
999 2803 1102 2869 Varro
1118 2803 1159 2868 de
1174 2804 1290 2886 lingua
1304 2803 1411 2870 Latina
1488 2801 1489 2859 ἐ

310 2926 343 2971 tx
354 2925 385 2990 p.
397 2905 461 2972 533
476 2907 510 2970 t'a
527 2906 593 2991 lepe
610 2905 1025 2992 ceudt'tr'out'asuadt'iuquit
1039 2919 1113 2970 ruta
1125 2929 1217 2972 caesa
1228 2907 1275 2970 t'ta
1286 2906 1411 2972 atauus

309 3022 344 3074 ut
365 3033 387 3073 u
402 3009 641 3095 producamus:
664 3007 722 3073 sed
745 3007 844 3074 iidem
867 3021 957 3074 eruta
977 3007 1071 3073 aliter
1086 3006 1257 3092 dicebant,
1282 3009 1411 3090 itemque
1487 3073 1488 3080 χ

309 3124 433 3176 rutrum
456 3111 656 3175 stratellam
680 3135 701 3174 u
724 3117 871 3196 correpto
895 3111 1091 3194 Pomponius
1114 3117 1146 3175 et
1168 3110 1311 3176 Lucilius
1332 3105 1410 3194 apud
1487 3099 1488 3165 l

310 3213 450 3278 Nouium
466 3233 497 3297 p.
517 3212 576 3276 18.
594 3210 729 3278 Ovidius
753 3213 786 3277 in
808 3197 835 3277 ν’
852 3212 1009 3279 fastorum
1024 3211 1086 3274 421
1110 3211 1206 3276 Ritus
1227 3215 1288 3278 erit
1308 3211 1411 3278 auerti

308 3329 461 3380 nocturna
473 3316 627 3380 Lemuria
636 3315 726 3380 sacri
733 3363 741 3399 ,
759 3323 791 3380 et
801 3315 919 3380 ibidem
931 3315 995 3380 483
1011 3315 1091 3380 Mea
1101 3315 1194 3379 etiarn
1206 3313 1339 3382 lemures
1349 3313 1409 3380 aat'·
1486 3355 1487 3390 p

308 3441 378 3482 mas
394 3417 504 3482 debere
519 3417 664 3482 silentum
677 3465 685 3480 .
698 3417 815 3483 Sabura
827 3418 982 3502 producta
994 3415 1091 3482 Silius
1104 3416 1235 3482 Italicus
1248 3439 1322 3495 vrrr,
1333 3415 1408 3496 424,
1486 3393 1487 3471 i

186 3525 191 3532 '
309 3539 330 3584 a
351 3539 414 3602 quo
430 3520 564 3584 Sabinos
586 3518 768 3603 appellatos
791 3519 888 3584 dicit.
905 3520 1105 3584 Mamurram
1125 3521 1231 3604 prima
1254 3520 1343 3586 brevi
1358 3518 1408 3584 (la-

308 3621 427 3705 tullus,
450 3619 563 3685 eadem
578 3621 678 3702 longa
694 3621 867 3686 Horatius.
884 3622 1068 3705 Propertius
1084 3621 1282 3708 meumque
1296 3621 1408 3698 eclani,
1485 3647 1486 3656 ¹

308 3721 445 3790 Ovidius
458 3721 693 3808 Luceribusque
704 3721 806 3788 dedit.
819 3722 931 3788 horum
945 3721 1078 3788 alterAt
1089 3725 1149 3788 tt'bt'
1156 3723 1303 3788 Mamurt'
1309 3773 1318 3806 ,
1333 3723 1408 3788 aller

308 3825 459 3888 Praemt'a
471 3823 654 3908 persolvunt
669 3825 925 3912 Mamuriumque
940 3838 1070 3890 uocarat.
1092 3825 1253 3908 Vergilius
1269 3825 1407 3892 Oau'ltas-
1484 3833 1485 3876 l

308 3949 368 4012 que
379 3947 513 4010 acerque
525 3925 641 4007 Omna,
659 3945 755 4009 quem
771 3928 916 4010 seqnitur
930 3927 1053 4010 Silius,
1070 3927 1223 3994 Horatius
1239 3929 1331 3994 OEraa
1341 3927 1407 3990 artie

307 4027 408 4092 salum
421 4027 552 4091 Tiburis
563 4039 591 4090 et
601 4031 724 4093 moenia
736 4031 853 4112 Octt'lt',
866 4031 986 4096 Statius
998 4028 1041 4094 ad
1054 4029 1263 4096 Horatianum
1278 4027 1356 4094 illud
1366 4027 1405 4090 al·

306 4127 422 4194 ludens
438 4127 616 4214 dictumque
631 4129 704 4214 lyra
717 4134 837 4197 maiore
853 4131 1024 4198 Catillum.
1040 4129 1174 4198 Ovidius
1191 4132 1341 4198 santorum
1358 4149 1404 4196 rr.
1483 4131 1484 4168 l

309 4229 370 4296 139
385 4231 444 4295 Est
454 4231 522 4295 t'llt's
533 4232 685 4318 stropibus
696 4255 825 4315 nomeu,
842 4235 952 4318 itaque
964 4233 1020 4298 aiii
1034 4283 1042 4314 ‚
1058 4233 1116 4300 sed
1129 4234 1261 4300 Plautus
1273 4235 1304 4300 in
1317 4235 1405 4298 Pseu·

306 4331 383 4396 dulo
396 4353 446 4416 111,
460 4332 494 4416 2,
507 4333 546 4398 31
564 4333 637 4398 Nou
649 4333 854 4400 coudt'rneutt’s
865 4335 1015 4401 coudt'urtt
1026 4385 1036 4418 ,
1053 4335 1111 4402 sed
1120 4337 1272 4423 scrupibus
1283 4361 1293 4402 :
1306 4351 1404 4418 neque

306 4434 391 4500 enim
414 4437 563 4520 scrispem
579 4435 745 4501 Charisius
768 4437 898 4503 videtur
919 4437 1090 4522 scripsisse
1112 4459 1142 4523 p.
1155 4439 1217 4523 84,
1241 4439 1297 4506 sed
1314 4437 1402 4502 libra·

306 4537 372 4602 rius
386 4585 393 4604 .
406 4536 496 4602 mnis
512 4549 677 4622 turtraptts
692 4561 765 4603 acer
781 4539 1008 4626 Martianus,
1026 4541 1109 4608 200:
1126 4539 1259 4608 Gratius
1270 4541 1329 4609 203
1342 4561 1402 4604 oet·-
