3110 5146
666 391 693 457 V
1173 387 1237 456 345

128 571 287 632 astrorum
302 562 444 629 rationes
459 559 492 626 in
508 560 607 628 variis
623 559 751 627 mundis
767 561 897 647 Epicuri
913 580 1010 647 posse
1025 560 1133 627 varias
1149 579 1234 646 esse,

128 669 263 752 quaein
277 667 334 731 loc
352 677 458 748 nestro
471 663 537 730 sint
558 669 644 730 certo
667 662 730 730 dici
752 683 817 728 non
838 682 956 748 posse:
973 663 1024 728 hic
1046 669 1153 729 autem
1176 662 1236 728 boo

111 763 256 852 agitur,
273 766 385 834 bestiis
400 765 444 832 ad
460 764 580 832 bellum
597 763 792 830 inhabilibus
808 763 946 834 tortasse
961 765 1107 832 homines
1122 765 1155 831 in
1170 784 1235 830 uno

128 871 178 937 vel
201 871 305 936 altero
328 889 368 936 ex
391 868 457 934 illis
480 867 581 933 variis
603 867 732 933 mundis
747 866 791 934 ad
813 867 932 934 bellum
948 887 1025 934 usos
1048 887 1140 951 esse,
1157 867 1235 952 quid

129 977 162 1040 r'o
183 997 246 1039 ooo
268 995 391 1058 qaoque
413 994 519 1036 emam
541 969 674 1036 iecerint
696 988 760 1035 non
783 975 950 1036 constare.
967 971 1056 1054 atqui
1071 971 1151 1052 setis
1167 976 1237 1036 erat

128 1076 154 1142 si
178 1075 220 1140 de
242 1074 304 1140 hoc
326 1078 436 1140 nostro
450 1071 571 1138 mundo
591 1070 780 1138 constabat:
802 1091 908 1156 neque
929 1071 971 1140 de
986 1072 1046 1140 hoc
1068 1073 1237 1140 dubitabat

127 1184 243 1264 podia,
262 1177 467 1262 Temptarunt
479 1177 592 1257 etiam,
607 1173 737 1260 Siofar’t
747 1175 951 1260 atfooereot:
962 1194 1018 1240 cur
1029 1175 1128 1259 igitur
1139 1193 1235 1258 quac·

127 1285 212 1346 reret
233 1276 311 1364 quid
335 1278 368 1342 in
389 1295 454 1343 uuo
476 1276 621 1361 quolibet
650 1283 736 1344 certo
760 1283 915 1344 terrarum
943 1275 1022 1343 orbe
1045 1277 1164 1344 factum
1187 1297 1235 1343 es·

127 1381 305 1458 settim,
321 1379 382 1444 nisi
399 1378 516 1464 fallor,
533 1386 669 1466 apparet
684 1379 764 1446 hacc
776 1379 956 1446 Lucretium
971 1399 1036 1444 nou
1052 1379 1235 1464 scripsisse,

127 1483 184 1550 sed
207 1485 303 1549 istum
325 1481 496 1566 lectorem,
513 1501 535 1548 a
556 1501 620 1566 quo
642 1488 792 1568 potitam,
808 1481 863 1548 ubi
885 1480 1090 1548 incredibilia
1107 1481 1236 1547 tradere

127 1586 309 1667 videretur,
325 1583 474 1650 versibus
488 1585 685 1670 interpositis
708 1584 849 1651 derisum
868 1583 1083 1650 intelleximus
1106 1583 1138 1648 in
1154 1583 1234 1650 libro

127 1687 248 1772 ru,412
264 1685 347 1752 743.
363 1685 457 1752 buius
479 1687 525 1754 rei
548 1687 726 1771 Forbigero
754 1686 833 1752 nihil
854 1685 1055 1766 suboluisse,
1073 1703 1143 1750 cum
1166 1684 1235 1750 cius

127 1787 228 1854 rerba
248 1787 435 1872 subiecere,
452 1789 643 1875 apparebit.
660 1788 774 1872 ‘Mihi’,
791 1788 912 1873 inquit,
930 1786 974 1854 ‘ut
989 1805 1098 1854 verum
1115 1785 1234 1868 fatear,

127 1889 177 1958 bie
191 1891 282 1956 locus
297 1909 424 1976 semper
442 1891 659 1976 suspicionem
680 1891 822 1975 aliquam
838 1889 957 1975 movit,
973 1889 1118 1974 inprimis
1137 1908 1235 1972 quum

126 2013 156 2058 v.
170 1993 262 2059 1344.
286 2013 418 2079 prorsus
441 1991 555 2060 eodem
570 1993 666 2060 modo
689 1994 761 2060 voci
776 2017 864 2060 oenoe
885 1991 1098 2077 explicandae
1113 1989 1234 2058 adbibi-

125 2101 197 2178 tus,
213 2093 272 2160 sed
293 2094 364 2162 loco
387 2097 485 2180 longe
507 2095 646 2180 aptiori,
663 2115 764 2182 supra
789 2117 820 2160 v.
832 2097 905 2164 529.
929 2095 994 2161 iam
1017 2093 1177 2172 adsuerit;
1193 2091 1234 2158 de

124 2217 188 2281 quo
211 2204 318 2264 tamen
341 2197 464 2282 aliquid
487 2199 565 2264 certi
587 2199 797 2283 pronuntiare
818 2217 883 2264 uon
905 2195 1039 2264 audco'.

214 2301 305 2368 1354.
329 2322 438 2366 vinos
453 2321 569 2364 runnu
581 2350 589 2366 .
602 2301 770 2368 corrector
780 2299 949 2384 quadrati,
962 2300 1035 2366 Itali
1048 2347 1056 2382 ‚
1069 2299 1233 2383 impressi,

124 2424 271 2468 cassu.
287 2405 385 2489 paulo
408 2410 483 2470 ante
505 2404 683 2488 quadratus
704 2403 857 2470 Ios’osilr'o
879 2427 917 2468 oo
928 2403 1010 2490 fosi
1019 2450 1027 2466 .

214 2506 305 2572 1361.
329 2507 550 2572 Asrucrnnu
572 2507 832 2572 sarromalus
854 2505 1059 2572 membranae
1082 2511 1114 2571 et
1135 2505 1233 2578 Anto·

124 2609 199 2674 nius
216 2609 330 2674 ilarii.
347 2615 506 2676 corrector
525 2608 675 2693 quadrati
690 2609 743 2674 An
765 2610 940 2695 specimen,
956 2607 1152 2674 Veronensis
1168 2606 1233 2673 edi·

122 2711 167 2776 tio
191 2710 249 2776 Ad
268 2715 445 2798 aparinen,
461 2712 638 2778 Brixieusis
661 2710 717 2776 Ad
736 2713 883 2798 spetiem.

212 2813 303 2880 1366.
325 2835 535 2880 unsoornn.
553 2812 720 2880 Corrector
742 2811 872 2895 oblongi
894 2812 1233 2897 uuroosnn.fodr're
1354 2874 1356 2880 .

120 2915 211 2982 nullo
235 2921 381 3002 tempore
405 2916 555 2982 Latinum
576 2935 649 2983 csse
670 2913 785 2982 desiit.

212 3018 304 3084 1368.
328 3039 574 3090 rnuonusoun
589 3037 705 3082 susos
720 3037 984 3082 unusuuscuns
1006 3038 1125 3082 runnu
1141 3016 1232 3083 Osa-

118 3141 288 3185 uunrur.
304 3121 502 3188 Structorem
518 3121 674 3187 orationis
690 3119 859 3186 fulciamus
874 3140 956 3205 opus
972 3127 1041 3187 est.
1058 3119 1232 3187 scribemus

118 3223 220 3308 igitur
235 3223 371 3310 fructae
403 3247 618 3290 namecca-e
648 3243 821 3287 neuneu.
844 3241 918 3288 narn
947 3225 1001 3309 qui
1032 3247 1232 3290 consuescere

116 3328 175 3411 (vr,
188 3325 268 3409 397)
290 3331 322 3392 et
348 3327 523 3394 carnaeae
545 3327 603 3410 (iv,
619 3325 714 3409 1282)
744 3325 851 3392 activa
872 3325 1108 3410 significatione
1129 3324 1234 3412 dixit,

117 3427 225 3514 potnit
246 3427 360 3494 eodem
382 3427 478 3494 modo
500 3451 735 3494 mansuescere.

209 3529 430 3597 lete-1435.
454 3532 509 3595 An
535 3551 713 3602 arduinus
740 3551 859 3596 avruu
886 3531 1129 3598 vooss.llaec
1156 3551 1232 3616 quo·

118 3653 182 3717 que
205 3636 334 3717 poetam
357 3633 421 3699 alio
438 3638 582 3718 tempore
604 3631 775 3700 addidisse
788 3634 955 3720 suspicor,
971 3635 1003 3698 in
1025 3633 1161 3718 quibus,
1176 3655 1232 3720 pa·

118 3736 197 3802 riter
220 3739 319 3818 atque
340 3735 375 3800 in
400 3735 441 3800 iis
468 3753 552 3818 qnae
577 3755 677 3820 supra
707 3736 750 3802 ad
776 3756 905 3804 versum
931 3737 1010 3802 1091
1034 3737 1231 3820 notavi‚'sui

118 3836 276 3924 temporis
298 3856 403 3903 mores
421 3856 492 3904 cnm
514 3837 655 3922 antiquis
675 3837 811 3905 collatos
833 3836 1057 3925 reprehendit.
1074 3837 1124 3904 bis
1146 3839 1231 3904 eninr

118 3959 203 4024 quae
226 3937 373 4006 subiecta
394 3947 469 4006 sunt
490 3940 532 4006 de
553 3939 751 4026 temporibus
775 3941 878 4027 1436,
894 3961 935 4008 ea
955 3939 999 4007 ad
1019 3941 1177 4008 sationem
1200 3949 1232 4008 et

119 4043 280 4110 culturam
302 4048 468 4128 spectant,
485 4042 526 4110 do
548 4041 663 4127 quibus
685 4041 781 4110 modo
804 4043 889 4127 egit.
1006 4093 1009 4100 .

206 4143 299 4212 1388.
326 4145 417 4213 1389.
440 4147 506 4214 Suc
528 4165 630 4212 ornes
653 4165 837 4218 eurcouru
854 4167 1044 4211 rnuusrnr
1067 4167 1229 4211 unorna-

116 4265 180 4312 1111
204 4261 322 4312 ΔΗΔΒ
345 4247 386 4314 ΙΝ
407 4270 554 4315 MBDlUll
569 4259 759 4319 antiocus
775 4267 977 4312 lanuuium
993 4269 1102 4314 unuln·
1118 4269 1229 4314 ORAB.

117 4348 304 4429 Quadratus
326 4349 369 4416 ab
397 4351 621 4438 antiquissimo
649 4355 850 4432 correctore,
866 4357 898 4415 et
925 4351 1063 4418 sortasse
1089 4352 1131 4416 ab
1158 4353 1229 4436 ipso

92 4451 272 4549 librario,
289 4453 384 4538 eripit
405 4477 479 4519 oros
490 4503 499 4537 ,
513 4451 600 4536 quod
623 4457 756 4536 uterque
778 4451 880 4518 codex
903 4451 1000 4520 habet
1021 4455 1107 4520 iufra
1126 4453 1229 4520 1455.

116 4553 177 4623 boc
199 4553 400 4622 Gronovium
424 4555 456 4626 in
478 4554 634 4624 diatribes
650 4553 817 4622 Statianae
840 4555 1007 4643 capitati
1030 4557 1076 4644 (p.
1090 4555 1152 4620 417
1176 4555 1227 4623 ed.
