3020 5146
566 433 593 497 V

58 600 188 684 expulerit
208 601 315 685 dictis,
330 621 397 668 non
420 602 537 684 armis,
555 622 661 668 nonne
684 601 811 668 decebit

56 714 121 780 hune
139 715 288 780 hominem
311 736 443 782 numero
466 717 571 782 divom
594 715 757 800 dignarier
778 718 877 782 esse?

57 848 112 892 oum
130 829 204 894 bene
223 830 409 913 praesertim
433 831 532 895 multa
553 851 592 895 ae
614 830 763 896 divinitus
786 829 865 914 ipsis

57 943 246 1008 inenorteiibu'
269 943 311 1008 de
334 943 415 1010 divis
439 944 514 1012 dore
538 945 623 1010 dieta
645 946 743 1010 sue’rit

60 1067 131 1138 atque
150 1077 268 1122 omnem
293 1078 394 1124 rerum
418 1066 564 1124 naturam
587 1059 729 1143 pandere
752 1059 863 1124 dietis.

91 1171 169 1238 Cuius
190 1193 249 1254 ego
272 1174 437 1254 ingressus
459 1173 596 1256 vestigia
618 1174 692 1238 dum
714 1173 857 1239 rationes

57 1305 204 1368 persequor
225 1308 262 1352 ac
285 1286 387 1352 doceo
411 1286 522 1371 dictis,
540 1309 602 1371 quo
626 1309 772 1370 quaeque
795 1295 902 1353 ereata

58 1397 159 1464 foedere
179 1402 256 1486 sint,
272 1402 305 1466 in
330 1421 369 1468 eo
392 1422 489 1484 quarn
511 1403 552 1468 sit
574 1403 688 1468 durare
712 1423 877 1470 necessum

57 1533 100 1578 xeo
118 1517 231 1584 validas
252 1518 385 1583 valeant
404 1519 475 1584 aevi
498 1519 680 1586 rescindere
705 1521 813 1602 leges,

56 1649 103 1708 quo
121 1651 229 1713 genere
251 1633 286 1696 in
308 1631 418 1716 prinde
440 1633 538 1698 animi
562 1639 676 1698 natura
696 1639 825 1718 reperta
846 1641 894 1700 est
930 1625 932 1628 ’

58 1745 142 1808 nativo
159 1747 291 1830 primurn
315 1747 489 1812 consistere
512 1767 645 1830 corpore
669 1756 756 1824 crete

56 1879 99 1922 nee
116 1881 201 1943 posse
223 1862 395 1928 incolumis
418 1881 568 1944 magnum
590 1863 706 1929 durare
728 1883 786 1948 per
808 1883 941 1946 aevom,

58 1973 99 2036 sed
116 1975 278 2042 simulacre
302 1976 406 2042 solere
428 1975 461 2040 in
484 1976 605 2042 somnis
626 1976 740 2044 fallere
763 1985 921 2054 mentem,

60 2107 157 2155 eernere
176 2111 245 2156 curn
270 2090 436 2156 videantur
458 2111 529 2158 cunr
554 2111 646 2173 quero
670 2093 733 2158 vita
754 2094 901 2175 reliquit,

66 2203 121 2280 quod
138 2225 229 2290 snper
251 2212 321 2289 est,
338 2226 421 2272 nunc
443 2205 504 2272 hue
526 2207 658 2272 rationis
680 2206 793 2274 detulit
814 2211 913 2293 ordo,

43 2332 48 2374 t
66 2317 158 2384 etmihi
180 2320 309 2386 mortali
332 2321 506 2386 consistere
530 2341 662 2405 corpore
684 2323 835 2388 mundum

65 2431 228 2518 nativomque
252 2435 348 2500 simul
371 2437 449 2500 ratio
473 2435 642 2502 reddunda
664 2438 704 2502 sit
725 2455 818 2520 esse;

61 2549 82 2605 tt
98 2549 195 2626 ombus
215 2551 272 2614 ille
297 2545 400 2628 modis
423 2568 615 2631 congressus
638 2552 782 2618 materiai

59 2657 168 2728 tundant
188 2671 328 2746 terram,
347 2664 489 2740 caelum,
506 2683 612 2748 mare,
630 2666 758 2748 sidera,
775 2666 896 2749 solem,

56 2770 177 2860 lunaique
197 2781 350 2864 globurn3
366 2784 431 2842 tunt
455 2798 539 2860 quae
561 2779 673 2845 tellure
696 2779 878 2846 animantes

56 2891 205 2970 extiterint,
222 2901 255 2960 et
278 2913 361 2976 qnae
383 2894 470 2958 nullo
492 2893 555 2959 sint
577 2901 719 2976 tempore
743 2899 859 2972 natae3

54 3021 134 3081 quove
153 3009 246 3074 modo
269 3025 372 3090 genus
395 3007 565 3072 humanum
588 3007 732 3072 variante
755 3007 898 3090 loquella

54 3121 169 3202 eoeperit
189 3125 272 3188 inter
294 3143 330 3189 se
353 3123 437 3188 vesci
459 3142 517 3208 per
539 3123 668 3188 nomina
689 3141 814 3205 rerum3

53 3241 75 3292 tt
92 3236 194 3314 quibus
216 3239 273 3302 ilie
296 3237 399 3304 modis
422 3236 528 3302 divom
553 3243 654 3302 metus
676 3237 843 3302 insinuarit

53 3353 174 3434 pectora,
190 3357 346 3416 terrarum
371 3353 425 3434 qui
447 3353 481 3416 in
503 3351 571 3418 orbi
594 3358 706 3418 sancta
728 3359 832 3416 tuetur

53 3459 111 3525 iane
129 3465 214 3532 lacus
238 3467 330 3532 lucos
353 3487 429 3532 aras
451 3467 686 3548 simulacraque
709 3466 836 3532 divom.

53 3583 193 3654 praeterea
215 3581 295 3647 solis
318 3601 429 3648 cursus
451 3583 610 3664 lunaeque
632 3588 756 3648 meatus

53 3691 194 3772 expediam
217 3715 284 3778 qua
306 3697 337 3762 vi
360 3696 468 3762 flectat
490 3703 606 3762 natura
627 3698 830 3780 gubernans3

52 3821 80 3866 ne
97 3806 170 3875 sorte
193 3811 275 3876 haec
296 3811 377 3876 inter
401 3811 523 3877 eaelum
547 3817 730 3892 terramque
753 3831 879 3876 reamur

53 3913 130 3986 litera
150 3933 264 4010 sponte
286 3945 346 3990 sue
369 3945 479 3991 cursus
502 3925 831 4010 lustrareperennim

55 4037 186 4120 extingere
208 4040 253 4104 ad
275 4039 381 4122 fruges
403 4039 572 4122 sugendas
594 4047 690 4122 atque
713 4041 904 4120 animantis,

53 4161 112 4214 nere
133 4153 245 4237 aliqua
267 4153 373 4220 divom
396 4153 482 4220 volvi
505 4155 628 4221 ratione
650 4161 819 4238 putemus.

105 4308 229 4320 --——-....

55 4389 79 4435 5³
94 4407 105 4440 t
122 4395 134 4462 ri
153 4399 182 4448 til
204 4399 332 4448 incolume
352 4395 365 4465 ΙΙ
387 4399 418 4448 et
438 4397 587 4447 materiam.
608 4395 620 4465 Η
643 4401 674 4447 70
693 4398 732 4448 sin
753 4395 766 4466 ΙΙ
788 4403 817 4448 71
839 4399 954 4464 loquele.
