3052 5144
548 479 591 542 111

18 653 154 717 nonullo
178 658 274 737 paeto
299 671 394 733 quam
417 651 464 734 si,
480 669 538 734 pes
562 669 633 715 oum
657 648 743 714 dolet
766 649 876 731 aegri,

18 769 44 832 in
63 769 144 833 nullo
167 774 265 851 eaput
288 767 412 831 interea
435 766 476 830 sit
497 765 580 830 sorte
603 765 733 830 dolore.

19 891 169 966 praeterea
191 881 284 947 molli
307 901 377 946 oum
400 901 512 947 somno
536 879 646 946 dedita
668 879 810 943 membra

20 999 200 1080 effusumque
223 997 309 1062 iaoet
330 996 400 1061 sine
423 1015 519 1062 sensu
543 1013 660 1079 eorpus
681 992 873 1070 honustum,

21 1121 61 1176 est
80 1112 161 1176 aliud
184 1111 351 1177 tamenin
374 1111 467 1176 nobis
491 1109 579 1193 quod
601 1117 746 1192 tempore
768 1107 800 1174 in
823 1107 888 1172 uilo

20 1227 196 1292 multimodis
219 1227 363 1310 agitatur
386 1232 418 1290 ot
441 1225 543 1290 omnis
566 1223 682 1308 accipit
702 1223 735 1287 in
756 1243 792 1288 se

21 1342 140 1407 laetitiae
163 1349 270 1407 motus
294 1347 326 1406 et
348 1361 441 1406 ouras
465 1339 571 1406 cordis
595 1339 719 1404 inanis.

21 1477 92 1522 nuno
112 1457 248 1522 animam
274 1476 401 1538 quoque
425 1456 513 1520 utin
536 1455 687 1520 membris
712 1473 907 1536 cognoscere
931 1453 1036 1539 possis

22 1592 97 1654 usse,
113 1593 213 1656 nequa
237 1571 409 1638 harmonia
432 1591 546 1655 eorpus
570 1570 706 1636 senteire
728 1570 855 1653 solere,

23 1687 158 1772 principio
180 1689 215 1752 fit
238 1688 285 1751 uti
309 1688 451 1754 datraeto
475 1705 607 1770 corpore
629 1687 727 1750 multo

25 1821 103 1886 saelre
123 1809 229 1868 tamen
253 1805 349 1870 nobis
370 1804 403 1868 iu
425 1801 575 1868 membris
598 1803 664 1867 vita
686 1810 846 1868 moretur:

27 1924 103 1996 atquo
124 1919 234 1986 eadem
259 1939 406 1996 rursum,
423 1939 494 1983 oum
517 1937 654 2001 eorpora
676 1937 780 2000 pauou
802 1915 918 1982 oaloria

28 2028 156 2115 diffugere
178 2032 335 2116 forasque
357 2053 416 2118 per
438 2053 474 2098 os
497 2038 545 2098 est
568 2032 671 2098 editus
694 2039 769 2116 aer,

31 2143 123 2210 deurit
144 2149 306 2233 extemplo
328 2168 427 2214 venas
450 2155 547 2230 utque
571 2168 646 2213 ossa
668 2145 839 2228 relinquit3

33 2278 136 2327 urrsuere
158 2270 191 2327 ut
212 2262 291 2327 irino
312 2263 417 2349 possis
439 2283 503 2327 non
526 2281 646 2343 aequas
670 2261 776 2326 omnia
798 2260 900 2345 partis

9 2389 139 2457 >corpora
159 2377 281 2443 habore
304 2395 408 2458 neque
431 2396 470 2441 ex
494 2395 599 2458 aequo
622 2374 735 2440 iuloire
758 2378 915 2461 salutem,

31 2487 73 2550 sed
91 2493 184 2574 magis
206 2492 310 2567 haee,
326 2491 412 2557 venti
436 2511 517 2574 (luae
541 2497 613 2555 sunt
636 2489 798 2573 calidique
820 2491 948 2576 vaporis

31 2604 148 2682 terrina,
164 2627 280 2671 euraro
303 2605 336 2670 in
358 2605 509 2671 membris
531 2613 566 2670 ut
587 2605 654 2669 vila
678 2612 832 2668 moretur.

32 2725 68 2778 est
86 2719 169 2802 igitur
191 2721 284 2786 calor
306 2742 344 2786 ae
367 2727 478 2785 ventus
500 2721 605 2786 vitalis
629 2721 661 2784 in
684 2721 755 2804 ipso

32 2850 157 2918 torpore,
174 2835 229 2918 qui
252 2835 347 2900 nobis
368 2834 576 2899 moribundos
599 2833 717 2899 deserit
738 2841 845 2899 artus.

10 2961 79 3022 tona
98 2955 219 3032 propter
242 2949 395 3031 quoniam
419 2955 467 3013 ost
488 2948 587 3012 animi
610 2955 726 3012 nature
748 2954 874 3032 reporto

32 3065 107 3139 utque
126 3062 247 3128 animae
272 3063 364 3144 quasi
386 3083 462 3146 pars
485 3061 642 3145 hominis,
660 3061 758 3127 redde
781 3061 961 3126 hannoniai

33 3189 145 3258 nornen,
161 3175 200 3240 ad
225 3177 396 3258 organicos
418 3177 483 3241 alto
508 3177 649 3241 delatum
672 3176 841 3254 Heliooni;

34 3285 83 3349 sire
103 3289 227 3356 aliunde
249 3291 312 3378 ipsi
335 3311 429 3375 porro
451 3298 580 3357 traxero
604 3297 635 3357 el
658 3291 689 3354 in
713 3291 803 3354 iliam

32 3401 255 3488 transtulerunt,
272 3405 401 3489 proprio
425 3426 508 3488 ‹ruae
532 3413 597 3470 turn
621 3427 672 3471 res
695 3407 824 3471 nomine
848 3405 983 3490 egebat.

11 3525 15 3566 ἰ
34 3511 162 3594 quidquid
183 3518 215 3582 id
239 3527 306 3603 cst,
325 3519 483 3584 habeant:
501 3527 536 3584 tn
560 3527 668 3586 oetora
690 3521 821 3605 percipe
844 3521 950 3586 dieta.

62 3625 140 3694 Nune
161 3635 300 3697 aniruunr
325 3641 421 3716 atque
443 3636 582 3698 animaru
605 3635 677 3700 dieo
702 3636 869 3700 ooniunota
891 3636 994 3700 teneri

35 3735 97 3803 inter
116 3764 145 3808 se
167 3755 261 3830 atque
283 3767 378 3812 unam
402 3755 546 3813 naturam
570 3749 724 3814 conficere
748 3769 787 3814 err
810 3771 865 3827 se,

36 3853 79 3917 sed
98 3867 184 3944 eaput
206 3882 278 3928 osse
302 3863 394 3946 quasi
418 3869 450 3927 et
473 3863 629 3928 dominari
651 3862 683 3926 in
707 3884 841 3948 corpore
863 3868 929 3928 toto

37 3971 195 4058 eonsilium,
212 3976 299 4059 quod
321 3998 380 4042 nos
404 3977 543 4042 animum
567 3983 767 4059 mentemque
788 3999 960 4044 rooaurus.

13 4093 21 4128 l
39 4075 115 4160 idque
134 4089 224 4154 siturn
249 4091 354 4157 media
375 4091 506 4174 regione
528 4091 559 4155 in
583 4091 722 4174 pectoris
741 4090 874 4157 haeret.

39 4189 76 4256 llo
95 4201 204 4268 exultat
226 4205 309 4270 enirn
331 4226 431 4290 pavor
453 4227 491 4271 eo
514 4211 636 4281 metus,
653 4205 733 4271 liaeo
754 4206 825 4271 looa
849 4205 966 4270 oireum

40 4341 71 4353 *-
79 4349 110 4358 q*-
133 4357 210 4370 ¹—-

44 4433 80 4481 lltt
96 4437 186 4493 interire
206 4445 219 4514 ll
242 4449 288 4496 132
308 4449 361 4497 altu
383 4447 395 4518 [l
418 4451 465 4501 lto
486 4447 512 4497 id
532 4447 672 4500 ominum.
