3052 5144
362 447 405 511 64
909 439 942 504 11

359 610 442 675 iuter
463 628 498 674 se
520 611 648 694 genitae
669 629 722 674 res
745 627 912 692 quosque,
928 611 973 674 ita
995 627 1157 692 quemque
1179 617 1341 678 necessest

361 723 509 788 dissimili
531 729 676 789 constare
697 722 800 806 figura
820 709 1070 808 principiorum}

361 857 424 902 non
447 857 509 918 quo
532 837 632 901 multa
654 855 765 920 parum
787 835 881 901 simili
904 837 968 904 siut
989 837 1138 921 praedita
1158 837 1281 923 forma,

361 951 420 1017 sed
442 951 516 1033 quia
539 970 602 1014 nou
624 950 721 1032 volgo
743 950 836 1035 77777
858 950 1005 1016 omnibus
1028 951 1136 1016 omnia
1158 959 1324 1018 constent:

288 1087 337 1133 777
363 1065 486 1132 semina
508 1084 695 1149 77777777
718 1063 856 1142 distent,
873 1065 1001 1131 differre
1023 1071 1189 1132 necessust

360 1181 548 1262 intervalla,
564 1180 654 1258 vias,
671 1199 832 1262 conexus,
849 1177 1012 1263 pondera,
1028 1181 1167 1263 plagas,

360 1313 555 1370 concursus,
571 1299 696 1372 motus;
713 1311 795 1374 quse
817 1313 881 1357 non
901 1293 1054 1358 animalia
1075 1293 1177 1358 solum

362 1427 497 1492 corpora
518 1409 707 1490 seiungunt,
724 1405 782 1473 sed
804 1415 906 1472 terras
928 1425 1075 1474 777777
1097 1414 1197 1472 totum

336 1517 339 1524 '
363 1527 532 1588 secernunt
553 1521 741 1604 caelumque
763 1540 785 1585 a
806 1521 898 1586 torris
921 1541 1014 1588 omne
1037 1529 1215 1588 retentant.

289 1659 338 1706 777
404 1638 497 1702 Nunc
518 1657 579 1718 age
602 1635 687 1700 dicta
711 1653 781 1701 meo
804 1635 887 1700 dulei
910 1635 1055 1718 quaesita
1077 1635 1188 1703 labore

362 1752 491 1837 percipe
506 1801 514 1830 ,
529 1769 570 1816 ue
592 1749 675 1814 forte
698 1749 779 1816 haec
801 1749 885 1815 albis
907 1769 948 1816 ex
970 1751 1047 1816 alba
1069 1753 1169 1818 rearis

362 1863 527 1952 principiis
550 1883 639 1942 esse,
658 1872 734 1930 ante
755 1865 865 1930 oculos
887 1883 970 1946 quae
992 1865 1131 1930 candida
1153 1865 1279 1944 777777,

362 1987 419 2046 777
440 2001 480 2046 77
501 1999 583 2062 quae
606 1981 733 2061 nigrant
753 1979 844 2065 nigro
866 1978 907 2044 de
929 1979 1051 2045 semiue
1072 1986 1169 2064 nuta;

362 2094 435 2159 nive
457 2094 554 2158 alium
577 2095 740 2176 quemvis,
757 2115 819 2178 quo
843 2101 916 2160 sunt
936 2094 1049 2159 inbuta
1071 2095 1198 2173 colore,

288 2229 337 2277 777
363 2215 532 2294 777777777
554 2227 667 2290 gerere
689 2209 772 2273 hunc
794 2206 927 2293 credas,
944 2209 1029 2291 qnod
1053 2208 1194 2276 materiai

363 2344 500 2408 corpora
522 2323 679 2390 consimili
701 2321 855 2388 sinicius
877 2322 975 2388 tincta
996 2318 1127 2390 colore:

365 2438 469 2503 nullus
490 2437 574 2502 enim
597 2437 685 2502 color
707 2443 756 2502 est
777 2438 905 2502 omnino
928 2439 1072 2502 materiai

321 2555 325 2564 ’
364 2553 687 2638 7777771777,“77777
709 2571 769 2635 777
791 2553 886 2618 rebus
908 2571 1012 2636 neque
1034 2554 1173 2650 denique
1196 2553 1325 2639 dispar.

362 2671 396 2733 in
419 2687 502 2750 quae
525 2685 658 2751 7777777
680 2667 707 2731 77
730 2667 835 2732 nullus
857 2668 913 2732 tibi
936 2666 1019 2733 17777
1040 2667 1165 2734 77717777

290 2780 339 2851 777
363 2803 458 2868 77777
480 2782 577 2846 77771
600 2781 733 2847 17777177
755 2781 970 2869 11777,777771
992 2782 1086 2847 77777
1109 2801 1218 2850 erras.

364 2919 438 2964 nam
460 2917 532 2963 cum
554 2897 737 2980 caecigeni,
755 2899 833 2964 solis
855 2899 909 2981 qui
931 2899 1052 2964 lumina
1073 2917 1246 2982 numquam

364 3015 553 3098 7177777777,
571 3019 678 3076 tamen
701 3023 896 3094 cognoscant
917 3035 1053 3099 7777777
1074 3021 1180 3094 77777,

291 3149 340 3195 777
365 3127 447 3192 77177
467 3127 543 3192 17777
563 3133 692 3192 7777777
715 3145 840 3208 quoque
863 3131 961 3194 menti
984 3149 1120 3214 corpora
1141 3147 1238 3214 posse

364 3243 444 3307 vorti
466 3243 498 3305 in
520 3242 665 3306 notitiam
684 3241 777 3305 nullo
801 3241 917 3308 circum
941 3244 997 3308 lita
1018 3245 1113 3310 1777.

365 3357 503 3438 denique
526 3375 584 3420 nos
606 3355 669 3439 ipsi
691 3354 796 3419 caecis
818 3375 900 3438 quae
922 3377 1056 3440 cumque
1078 3357 1217 3424 tenebris

364 3471 545 3552 tangimus,
562 3469 649 3533 haud
671 3470 736 3534 ullo
759 3471 913 3536 sentimus
935 3474 1033 3537 tincta
1055 3473 1183 3538 colore.

367 3583 451 3667 quod
474 3585 623 3667 quoniam
646 3585 737 3648 vineo
760 3583 848 3676 fieri,
866 3607 949 3651 nunc
971 3605 1043 3652 esse
1065 3585 1188 3652 docebo

291 3721 341 3767 777
367 3721 406 3765 ex
428 3700 556 3765 ineunte
578 3719 657 3763 aevo
679 3699 766 3764 nullo
790 3699 957 3766 coniuncta
980 3701 1105 3766 771777.

291 3835 340 3882 777
366 3815 469 3880 77777
492 3814 576 3879 7777
598 3813 687 3879 77177
709 3815 838 3879 777777
859 3821 995 3879 mutatur
1016 3815 1050 3878 77
1073 3816 1196 3894 omnis;

366 3928 450 4011 quod
472 3928 577 3994 177777
600 3927 684 3992 haud
707 3929 771 3992 ullo
795 3927 913 3994 debent
933 3928 1109 4014 primordia
1131 3937 1245 4016 77777.

365 4043 563 4108 immutabile
585 4041 669 4108 enim
692 4039 843 4124 quiddam
865 4061 1019 4128 superare
1040 4050 1222 4127 necessest,

371 4311 417 4360 121
445 4323 552 4372 cumque
572 4307 585 4378 Η
607 4311 656 4359 130
675 4310 748 4360 717177
768 4309 782 4379 Η
804 4311 859 4376 181ι
877 4325 925 4375 que
945 4307 959 4380 Η
981 4313 1029 4362 186
1053 4311 1154 4362 771777.
1174 4308 1188 4380 ΙΙ
1210 4314 1257 4362 111
1278 4299 1464 4376 77777711741

368 4397 513 4460 Desperare
533 4395 546 4466 Η
568 4398 617 4446 149
637 4405 662 4445 77
680 4398 778 4447 omnis.
