3020 5146
535 453 592 516 llll

26 629 48 686 et
66 609 147 704 cpmi
169 624 259 688 tortis
280 621 478 688 convallibus
501 641 540 685 ex
564 619 726 687 Heliconis

26 757 79 800 rum
99 737 245 820 liquidam
269 736 382 801 tollunt
404 737 530 819 lugubri
552 755 631 801 voce
654 738 848 818 querellam.

54 853 143 916 Hasce
164 851 260 935 igitur
282 851 408 936 penitus
430 869 527 917 voces
549 869 618 916 cnm
643 869 775 935 corpore
798 861 905 920 nostro

26 966 203 1048 exprimimus
227 972 377 1048 rectoque
399 965 489 1031 foras
512 966 682 1031 emittimus
705 985 781 1044 ore,

26 1081 126 1146 nobilis
146 1081 294 1146 articulat
315 1079 484 1144 verborum
507 1079 648 1145 daedala
670 1081 802 1164 lingua,

26 1193 235 1278 formaturaque
257 1195 421 1260 labrorum
442 1215 501 1278 pro
524 1201 616 1278 parte
637 1195 773 1277 figurat.

26 1308 72 1372 loc
90 1311 136 1376 ubi
158 1331 220 1376 non
244 1310 374 1394 longum
399 1309 565 1393 spatiumst
587 1310 671 1374 unde
693 1330 759 1374 una
781 1313 923 1394 prosecta

26 1426 161 1506 perueniat
180 1445 243 1490 vox
267 1443 435 1506 quaeque,
453 1429 618 1488 necessest
640 1425 738 1489 verba
763 1445 889 1508 quoque
912 1427 983 1512 ipsa

26 1539 100 1620 plane
120 1539 259 1604 exaudiri
284 1539 485 1622 discernique
507 1538 716 1604 articulatim:

26 1659 108 1716 serrat
127 1655 206 1718 enirn
229 1653 438 1740 formaturam
461 1659 633 1735 servatque
656 1653 812 1734 liguram.

26 1771 48 1827 at
65 1767 86 1830 si
105 1769 179 1832 inter
198 1769 340 1853 positum
364 1769 501 1852 spatium
525 1767 568 1834 sit
588 1767 716 1852 longius
739 1787 864 1851 aequo,

26 1889 83 1944 aira
101 1901 151 1966 per
170 1884 303 1948 multum
326 1881 478 1948 conlundi
501 1883 601 1948 verba
625 1889 787 1948 necessest

26 2001 48 2058 et
65 1998 226 2063 conturbari
252 2018 386 2081 vocem,
403 1997 477 2062 dum
500 1997 677 2062 transvolat
699 2017 817 2063 auras.

29 2129 83 2191 crgo
102 2111 148 2197 ut,
164 2113 304 2178 sonitum
327 2119 360 2178 ut
382 2112 487 2196 possis
509 2111 648 2195 sentire,
665 2131 767 2194 neque
790 2113 879 2177 illam

32 2221 227 2312 internoscere,
244 2227 417 2294 verborum
441 2226 598 2292 sententia
621 2245 703 2308 quae
726 2228 784 2292 sit:

32 2357 101 2417 orpus
118 2329 204 2414 ad·
219 2340 356 2408 confusa
376 2341 464 2406 venit
486 2360 547 2405 vox
569 2341 667 2422 inque
688 2342 817 2425 pedita.

31 2460 162 2534 praeterea
183 2457 318 2522 verbum
341 2475 440 2540 saepe
463 2477 561 2520 unum
584 2455 706 2539 perciet
726 2457 813 2523 auris

27 2569 138 2636 cunibus
158 2571 191 2636 in
214 2571 337 2657 populo
351 2619 358 2655 ,
374 2570 505 2636 missum
529 2570 697 2652 praeconis
719 2571 760 2634 ab
784 2590 859 2636 ore.

27 2677 48 2742 iu
66 2686 162 2752 uultus
182 2687 282 2770 igitur
303 2703 400 2750 voces
421 2705 484 2749 vox
507 2703 573 2748 una
594 2691 727 2768 repente

27 2793 137 2882 diligit,
152 2802 184 2865 in
206 2801 317 2885 privas
339 2799 491 2882 quoniam
513 2817 550 2864 se
573 2798 686 2864 dividit
707 2802 814 2879 ands,

27 2909 166 2996 obsignans
186 2917 322 2980 sormam
346 2915 433 2979 verbi
456 2914 641 2996 clarumque
664 2933 833 2979 sonorem.

27 3035 47 3088 ot
64 3049 133 3108 quae
154 3051 230 3114 pars
253 3047 368 3095 vocum
390 3047 454 3092 non
478 3027 564 3093 auris
585 3027 699 3094 incidit
719 3029 827 3113 ipsas,

27 3146 205 3218 praeterlata
227 3142 313 3228 perit
334 3142 450 3207 frustra
473 3141 590 3207 diffusa
610 3161 668 3226 per
691 3161 808 3207 aurasr

27 3273 95 3340 pars,
110 3261 216 3324 solidis
240 3257 366 3341 adlisa,
382 3255 462 3322 loeis
484 3258 606 3322 reiecta
630 3277 778 3322 sonorem

27 3367 103 3435 reddit
122 3381 153 3438 et
173 3373 257 3439 inter
277 3375 352 3438 dum
374 3372 542 3437 frustratur
564 3371 703 3456 imagine
725 3375 834 3439 verbi.

27 3501 86 3562 pose
104 3487 180 3553 bene
203 3507 275 3554 cum
297 3487 427 3570 videas,
443 3485 600 3550 rationem
622 3486 759 3552 reddere
781 3491 888 3572 possis

27 3601 71 3661 luto
90 3601 139 3666 tibi
160 3611 258 3685 atque
283 3601 375 3684 aliis,
393 3621 456 3683 quo
478 3606 573 3683 pacto
598 3621 655 3684 per
676 3603 750 3667 loca
773 3603 842 3667 sula

27 3727 83 3776 sara
102 3719 182 3800 paris
204 3701 327 3782 lorma's
350 3715 519 3782 verborum
542 3733 581 3780 ex
605 3715 715 3780 ordine
739 3716 894 3800 reddant,

27 3827 136 3904 palantis
157 3832 289 3898 comites
310 3851 380 3896 cnm
403 3829 518 3894 montis
540 3830 624 3896 inter
646 3849 768 3915 opacos

27 3945 178 4034 quaerimus
201 3954 234 4012 et
255 3965 374 4028 magna
397 3945 563 4030 dispersos
585 3963 663 4008 voce
686 3944 826 4009 ciemus.
918 3989 923 3998 ·

27 4059 174 4124 ueletiam
197 4068 254 4126 aut
275 4068 397 4144 septem
420 4059 492 4124 loca
514 4057 580 4124 vidi
603 4057 739 4124 reddere
761 4081 876 4144 voces,

28 4326 62 4376 ill
79 4330 106 4380 Et
115 4335 203 4384 validis
215 4336 281 4385 necti
294 4336 367 4386 tortis
379 4351 411 4386 ex
431 4333 445 4404 Η
465 4334 659 4386 clamitamus
679 4329 692 4398 Η
712 4335 763 4381 549
782 4347 914 4392 nervorum
935 4331 948 4400 ΙΙ
970 4335 1020 4383 558
1040 4333 1085 4382 illa
1106 4329 1119 4400 ΙΙ

28 4415 62 4460 lt:
80 4421 152 4468 verbis
171 4419 184 4489 Η
204 4423 255 4472 570
275 4423 340 4486 lupis
360 4423 373 4488 ΙΙ
395 4425 445 4471 576
466 4437 570 4485 nrugnao
590 4417 604 4488 11
625 4422 674 4468 bii
695 4419 778 4468 videre
793 4420 875 4490 ‘odore
892 4420 978 4468 vocis.
