3096 5142
317 363 380 430 968
847 363 892 428 IV

317 555 439 600 ιιιιιιι
462 555 552 598 surr
575 535 726 600 Icarus.
750 535 917 602 corrector
939 533 1089 618 quadrati
1113 539 1145 600 et
1166 535 1240 600 Itali
1263 535 1341 598 Nam
1361 555 1408 597 er.
1517 539 1518 562 l

317 637 376 705 sed
398 639 425 704 si
447 637 566 704 adsunt
587 638 779 720 simulacra,
795 636 882 723 quod
901 661 987 703 ames
1009 655 1074 702 non
1096 639 1208 722 abest,
1224 636 1280 705 sed
1302 637 1335 702 id
1353 656 1410 719 qno

299 741 459 808 -sruaris.
479 741 587 825 itaque
606 739 812 807 scribendum
828 745 877 806 est
899 738 985 826 quod
1004 760 1121 804 aves.
1142 741 1176 806 in
1198 762 1243 825 ur,
1257 739 1335 806 1082
1355 738 1413 804 sec

181 927 184 932 ,
317 843 501 924 domuisset
523 843 608 930 quod
628 841 899 925 avemoc,ot9b'l
919 840 985 908 sed
1005 843 1083 928 quio
1104 867 1223 932 semper
1246 840 1414 928 essequod
1518 847 1519 864 ¹

317 947 429 1012 obest.
453 945 642 1013 scholiastes
669 935 792 1010 Lucani
815 965 858 1028 rr,
873 943 937 1011 265
963 945 1071 1028 Aust,
1095 945 1115 1010 ι’.
1140 945 1233 1012 avide
1258 947 1348 1031 cupit.
1372 945 1413 1008 sic

317 1049 486 1116 mereim
507 1073 600 1136 saepe
614 1050 727 1136 pouit.

405 1151 497 1220 1065.
521 1151 570 1217 Ει
589 1171 725 1215 racana
747 1169 899 1214 uuosurr
915 1169 1149 1216 corruerem.
1165 1149 1320 1217 Marullus
1334 1169 1413 1212 con·
1519 1141 1520 1176 l

316 1275 482 1318 suenus.
498 1254 668 1340 pravitatis
680 1251 824 1338 patronis
837 1301 845 1336 ,
859 1237 1062 1317 Wakefieldo
1075 1302 1083 1334 ‚
1097 1251 1283 1320 Eicbstadio
1296 1302 1303 1336 ,
1315 1251 1414 1317 Forbi-

316 1375 394 1442 gero
417 1357 478 1423 boc
499 1357 627 1442 placet,
651 1358 754 1422 iecere
775 1357 967 1420 coniectum.
1185 1431 1190 1441 Ι

405 1460 497 1527 1068.
521 1459 636 1524 Vrcus
658 1479 770 1522 auru.
794 1457 961 1524 Corrector
983 1456 1115 1540 oblongi
1138 1457 1286 1524 Uncus.

405 1562 497 1628 1081.
521 1559 750 1630 Osmrurous
773 1579 1008 1628 nurnreunr.
1033 1558 1218 1638 Quadratus
1240 1560 1396 1648 adipsal.

405 1664 497 1730 1083.
519 1683 652 1726 annius
679 1682 777 1725 uuna
805 1683 914 1726 reuse
943 1683 1106 1726 csrursn
1128 1683 1327 1727 suseusr.
1350 1661 1415 1746 sie,
1521 1689 1522 1714 ι

316 1768 380 1834 nisi
403 1767 520 1850 fallor,
536 1765 695 1848 oblongus
719 1765 822 1850 prima
844 1783 940 1830 manu
955 1788 963 1830 ι
979 1771 1138 1844 corrector
1160 1763 1249 1832 Saxo
1273 1765 1346 1832 lecit
1364 1765 1416 1830 illo

317 1872 392 1938 laec
411 1870 558 1958 permina
577 1917 585 1951 ‚
608 1867 716 1952 itaque
739 1867 896 1933 Antonius
919 1866 1147 1932 Florentium.
1170 1869 1349 1952 quadratus
1369 1867 1417 1934 illa

314 1973 488 2063 permina.
511 1977 596 2036 reeta
619 1970 740 2036 amicus
763 1969 910 2035 Lambini
934 1989 1067 2034 neusse
1091 1991 1281 2056 ausuras,
1303 1977 1338 2036 ut
1358 1967 1417 2035 dixi
1522 1961 1523 1976 ¹

316 2075 360 2142 ad
381 2093 508 2142 versum
535 2073 636 2140 1068.

404 2177 495 2244 1085.
524 2175 753 2248 Buasnncun
781 2197 924 2240 sussen
945 2223 953 2240 .
977 2175 1128 2262 Impressi
1152 2195 1224 2244 oum
1249 2175 1338 2242 Italis
1363 2193 1418 2238 nn·

316 2300 483 2344 narrar.

406 2381 496 2448 1089.
520 2403 627 2446 curus
651 2403 752 2454 Qunrr
774 2403 939 2446 suenrus
961 2403 1133 2448 sturnus
1154 2431 1162 2448 .
1185 2382 1341 2448 Marullus
1365 2401 1419 2467 quo

310 2487 452 2574 ploru'u5
473 2503 569 2570 quam
593 2485 741 2552 vocabuli
765 2484 1011 2552 declinationem
1034 2493 1138 2552 utrum
1160 2485 1330 2551 Lucretius
1353 2499 1419 2566 pro·

318 2589 443 2656 baverit
464 2589 546 2654 seire
568 2607 631 2653 non
658 2607 854 2674 possumus.
878 2589 956 2654 mibi
978 2597 1099 2655 eertum
1121 2588 1252 2656 videtur
1272 2586 1326 2652 hie
1345 2581 1419 2652 illud

316 2693 407 2756 cuius
428 2690 706 2777 monosyllabum,
723 2689 764 2754 de
786 2711 849 2774 quo
870 2690 937 2756 dixi
959 2691 1078 2776 libror,
1095 2693 1175 2774 149,
1193 2685 1419 2758 correctoribus

316 2793 520 2879 displicuisse
534 2815 541 2858 ι
555 2799 684 2878 poetam
696 2794 781 2860 enim
794 2793 962 2878 scripsisse
973 2795 1123 2860 existimo
1134 2795 1224 2860 euius
1237 2811 1313 2864 ouo
1327 2807 1420 2854 urea

309 2897 456 2984 plur-rino
478 2897 649 2978 tacemus,
675 2899 753 2962 Tum
773 2897 877 2982 inopis
899 2895 1036 2962 ardescit
1058 2896 1133 2962 dira
1155 2894 1331 2982 cuppediae
1355 2913 1419 2978 pec·

316 3013 389 3066 aas.
411 3017 517 3082 neque
539 2999 622 3064 enim
645 2999 774 3084 probari
798 2997 894 3064 debet
916 3022 1011 3084 quum
1022 3048 1031 3081 ,
1047 3007 1082 3065 ut
1103 2999 1170 3064 dlxi
1192 2997 1277 3064 libro
1300 2993 1419 3079 apso.

404 3101 496 3168 1096.
519 3103 687 3186 Trsvra,
708 3123 780 3174 cun
802 3121 922 3164 varro
949 3121 1036 3164 sens
1063 3121 1205 3166 narrar
1232 3119 1348 3163 sanes
1367 3115 1419 3159 ιιι-

315 3217 451 3271 sam.
471 3203 585 3289 Inepte
600 3203 673 3270 Itali
695 3204 804 3270 nescio
827 3204 881 3288 qui
898 3251 905 3286 ‚
922 3223 1004 3286 quos
1019 3203 1240 3270 Wakefieldus
1263 3200 1420 3285 sequitur,

314 3321 403 3375 veno
418 3331 489 3394 epea
503 3319 599 3394 repta
615 3318 659 3372 eat
671 3353 678 3369 .
690 3305 810 3400 'fefellit
824 3305 883 3372 bos
899 3324 987 3370 error
1002 3305 1198 3391 typographi
1209 3300 1418 3380 Veronensis,

317 3409 373 3493 qui
388 3409 614 3492 vulgatissimo
637 3409 793 3492 peccandi
816 3427 936 3492 genere
959 3408 1035 3474 lecit
1055 3421 1166 3494 raptas
1180 3458 1188 3490 ,
1204 3427 1277 3474 cum
1297 3403 1420 3470 deberet

315 3525 449 3599 raptet,
472 3517 506 3576 ut
531 3509 710 3576 Brixiensis
733 3517 765 3577 et
787 3511 944 3578 Antonius
967 3509 1062 3576 Marii
1085 3519 1117 3577 et
1143 3509 1326 3576 Marullus.
1349 3523 1437 3580 vere*

315 3613 478 3681 Bentleius
496 3633 647 3678 acarna
669 3633 727 3699 pro
750 3627 857 3696 emto,
873 3615 931 3680 sed
955 3613 1039 3679 idern
1063 3613 1134 3678 sine
1157 3631 1256 3678 causa
1276 3635 1331 3698 spe
1352 3631 1418 3692 cap

316 3731 409 3784 wat:
431 3735 504 3782 nam
534 3717 614 3782 satis
642 3720 761 3783 rectum
785 3723 834 3782 est
861 3716 946 3800 hoc,
970 3740 1052 3804 quae
1074 3729 1204 3782 menam
1225 3737 1298 3801 spes
1320 3719 1419 3798 raptat

315 3819 565 3908 repumicatio,
580 3819 614 3884 id
630 3823 680 3884 est
694 3819 812 3884 misera
828 3819 971 3884 inanium
987 3818 1230 3885 simulacrorum
1246 3814 1418 3900 adipiscen·

316 3919 428 3986 dorum
450 3941 549 4006 spes.
567 3920 708 3988 Lucilius
731 3921 817 4005 apud
842 3922 983 3987 Nonium
1005 3942 1036 4006 p.
1053 3921 1116 3988 289
1137 3920 1202 3986 Illo
1224 3919 1311 3985 oerrlr‘
1328 3911 1416 3982 dedu·

315 4037 389 4089 crmt
410 4025 476 4111 apsi
497 4037 590 4110 etque
611 4025 752 4089 animum
773 4047 845 4109 spes
868 4023 945 4090 illac
966 4026 1073 4111 rapit.

403 4125 495 4194 1098.
539 4145 716 4190 annosus
753 4145 818 4196 Qur
853 4147 994 4190 usuum
1031 4145 1237 4190 suracusas
1276 4139 1416 4188 rossrr.

315 4230 413 4296 Recte
427 4229 585 4294 Aventius
606 4249 770 4292 ununars
791 4229 973 4315 stiopucrc.
994 4247 1069 4294 mox
1084 4227 1260 4312 quadratus
1280 4221 1417 4293 conatis

309 4331 447 4418 flumina
462 4379 471 4414 ,
488 4329 573 4416 quod
596 4331 701 4416 ipsum
724 4350 742 4397 e
764 4331 950 4397 Bertlnlano
966 4320 1141 4398 Lambinus
1163 4329 1289 4396 adlem:
1305 4327 1416 4393 Hauer-

316 4451 447 4518 campus
470 4431 574 4498 fallit.

406 4535 498 4602 1115.
522 4553 709 4600 conruere
732 4555 895 4601 cupreo.
919 4536 1094 4606 Lambinus
1116 4553 1334 4614 conusens
