3096 5142
243 399 255 444 ,ι
306 369 369 434 246
847 363 892 428 1v

253 533 259 588 ί
308 536 427 619 Farcr',
444 540 556 601 contra
567 533 684 600 Lucilii
698 533 843 616 regulam
859 537 966 598 autem
980 530 1082 598 dativi
1094 531 1178 614 duo,
1196 533 1418 618 Herculcibb,

311 639 371 721 13,
387 640 453 704 mci
470 638 520 720 77,
537 637 557 702 3
579 635 639 721 (ita
659 638 725 703 mci
741 637 856 702 mucro
878 634 912 700 iu
933 633 1031 701 Nouii
1053 653 1150 702 versu
1173 634 1261 721 apud
1283 636 1421 703 Nouium

308 763 340 826 p.
357 739 645 826 336,13‚ma·qm
666 738 700 804 iu
722 736 886 804 Ciceronis
909 735 952 803 ati
975 736 1117 804 Atticum
1138 737 1349 822 epistularum
1369 760 1421 824 m,

311 843 360 925 13,
373 842 416 922 2,
436 843 622 908 mcc'ooctor
636 865 668 907 aa
682 861 748 923 xm,
763 840 816 925 40,
832 839 853 906 2
870 861 879 924 ς
898 858 1094 925 quamquam
1109 838 1195 906 haud
1210 840 1279 906 scio
1294 859 1337 907 au
1351 861 1421 927 pro-

309 944 442 1012 nomina
462 943 650 1029 personalia
671 942 814 1009 Lucilius
837 944 1023 1028 exceperit:
1047 949 1134 1010 certe
1155 943 1238 1016 suet
1248 943 1284 1008 in
1298 963 1325 1010 a
1341 961 1368 1010 c.
1383 943 1423 1010 do
1536 997 1537 1020 ,

309 1045 567 1114 Bacchanalibus
588 1045 728 1129 legitur,
743 1063 803 1111 neo
817 1043 970 1128 Nigidius
984 1045 1167 1131 discrepat,
1183 1045 1239 1130 qui
1253 1046 1424 1131 scripsisse
1536 1039 1537 1066 ¹

309 1148 438 1216 vidntur
460 1157 523 1214 met
544 1146 694 1230 genetivo
707 1195 715 1230 ,
730 1147 809 1212 mr'cr'
826 1145 952 1232 dativo)
964 1147 1131 1231 ,genetivi
1153 1146 1242 1233 apud
1265 1147 1423 1214 Catullum

310 1252 494 1336 complura,
510 1247 595 1334 28,b
617 1249 767 1314 Romami
777 1249 950 1336 Rubrique,
966 1250 1093 1333 61,206
1112 1249 1256 1336 polooerb
1278 1251 1423 1338 Asmira,

310 1353 361 1438 63,
374 1355 414 1420 91
431 1353 559 1420 donnino
573 1350 751 1439 Dindymos
759 1399 769 1434 ‚
788 1350 839 1435 64,
852 1350 915 1417 278
938 1375 955 1417 c
974 1353 1088 1418 nauco
1102 1352 1211 1436 Petet,
1226 1351 1280 1438 65,
1295 1352 1337 1418 14
1347 1355 1425 1440 fato

310 1480 436 1546 pemeus
450 1454 566 1542 Itptei.
582 1471 778 1538 quamquam
801 1451 881 1520 haec
903 1471 943 1520 ex
965 1471 1030 1520 uno
1052 1453 1279 1539 anuqnisrimo
1296 1455 1424 1538 codice,
1537 1543 1538 1548 Ἰ

310 1559 365 1642 qni
392 1563 468 1624 ante
493 1554 589 1622 finem
616 1554 737 1622 saeculi
763 1554 870 1638 quarti
899 1555 1014 1622 decimi
1040 1557 1075 1622 iu
1102 1555 1185 1624 alios
1211 1559 1424 1644 namoriptns

309 1679 376 1726 nou
409 1659 507 1725 luerit
527 1707 535 1741 ‚
558 1657 705 1724 derivata
736 1673 809 1724 esse
838 1654 941 1724 doctis
973 1675 1073 1741 aegre
1106 1659 1290 1744 persuadeo
1312 1683 1320 1726 r
1344 1668 1425 1728 corto

310 1763 362 1830 rel
386 1761 420 1828 G.
436 1761 471 1826 F.
489 1759 692 1827 Hermauuus
714 1777 816 1844 unper
838 1777 965 1826 romum
987 1760 1150 1844 quendam
1165 1761 1285 1828 Catulli
1302 1763 1425 1848 64109

310 1865 357 1930 ita
378 1863 528 1930 tractavit
549 1870 584 1929 ut
604 1862 779 1930 editionum
801 1879 907 1928 meam
929 1881 1104 1948 numquam
1119 1863 1240 1930 vidisse
1257 1865 1424 1933 videatur.

310 1969 345 2033 in
371 1965 511 2032 Lucretii
538 1983 635 2032 versu
663 1963 819 2030 Marullus
849 1963 977 2050 scripsit
998 1967 1117 2052 opocr'cr
1143 1989 1225 2054 quoa
1251 1968 1426 2036 concocta

310 2071 431 2152 omna,
446 2085 552 2151 neque
566 2067 740 2152 quistinam
760 2072 834 2152 post
856 2083 929 2131 cum
952 2091 1036 2153 qno,
1053 2068 1140 2153 quod
1163 2067 1236 2134 libri
1252 2069 1425 2154 exhibent,
1538 2095 1539 2160 j

310 2171 448 2238 restitnit
468 2219 475 2234 .
498 2169 577 2235 mihi
604 2169 683 2236 nihil
705 2167 835 2236 obstare
857 2165 1072 2254 videturque
1094 2170 1201 2237 miuus
1223 2173 1305 2238 illoc
1327 2187 1426 2238 ccco

311 2275 379 2340 um
394 2273 517 2340 dicatur
532 2271 680 2356 species.
699 2271 748 2336 ita
768 2267 803 2336 iu
823 2291 867 2356 m,
878 2271 943 2338 349
954 2271 1176 2357 fornmiruhor
1190 2273 1339 2360 Quum
1352 2276 1427 2362 qar'rr

311 2376 484 2442 transuolat
505 2375 613 2461 macir,
633 2373 690 2440 nbi
712 2373 798 2440 mals
819 2372 893 2440 libri
915 2375 1090 2440 coemat.

396 2478 470 2546 603.
492 2498 626 2542 rannus
640 2497 676 2540 ru
692 2495 837 2542 cusona
852 2523 860 2542 .
876 2475 1045 2545 Concolor
1060 2477 1231 2565 quodne,
1247 2479 1425 2562 Antonius,

311 2581 489 2647 Brixicusis
506 2630 515 2665 ,
535 2599 725 2644 cusonss.

396 2683 469 2750 604.
493 2703 735 2758 ornuunnnn,
758 2703 874 2747 uulua
896 2681 1091 2748 Drssruurr
1113 2703 1256 2750 suurn.
1279 2681 1426 2762 Quadra-

311 2794 362 2853 tus
377 2785 563 2852 Dabrolob.
584 2785 679 2852 buius
695 2785 1032 2863 connaturalium,
1052 2783 1140 2869 quod
1155 2784 1242 2852 idem
1264 2793 1342 2870 post
1355 2805 1426 2852 oum
1539 2777 1540 2790 ’

311 2889 467 2958 Lambiuo
482 2887 603 2973 placuit
618 2937 625 2952 .
647 2887 752 2954 miuus
767 2885 851 2954 bene
862 2886 1017 2952 Marullus
1031 2886 1089 2952 abi
1099 2888 1164 2954 iam
1180 2935 1189 2954 .
1210 2887 1285 2954 Itali
1301 2895 1336 2954 et
1350 2887 1426 2954 olim

312 2991 459 3078 impressi
484 2991 543 3056 obi
560 3014 659 3056 nam.
679 3009 720 3056 ue
746 2987 808 3056 hoc
833 2988 963 3074 quidcm
985 2988 1188 3058 Wakefieldo
1215 2990 1313 3058 nimis
1342 2991 1425 3058 inra-

311 3116 387 3162 uum
412 3095 515 3160 usum
543 3098 619 3176 est,
643 3092 790 3176 quamvis
814 3091 1080 3160 constructionem
1105 3098 1296 3177 pervertat,
1321 3111 1425 3176 neque

311 3203 387 3264 aute
407 3197 566 3264 Catullum
581 3194 760 3279 Vergilium
774 3194 941 3262 Horatium
963 3219 1039 3260 nom
1059 3195 1319 3262 coniunctionem
1339 3195 1425 3280 quis·

311 3319 407 3385 quam
429 3298 506 3366 alibi
530 3317 627 3383 quam
650 3299 685 3364 in
707 3299 779 3382 ipso
801 3298 980 3364 sensnum
1002 3297 1093 3364 initio
1111 3297 1275 3382 posuerit.
1290 3317 1368 3364 uam
1384 3296 1424 3363 de

312 3403 417 3468 Plauti
447 3419 542 3468 versu
569 3401 624 3484 qui
646 3405 696 3467 est
716 3401 749 3466 iu
771 3399 872 3466 llilite
891 3405 934 3484 ιν,
951 3402 981 3484 9,
998 3399 1020 3465 2
1041 3398 1170 3468 Haudio
1193 3400 1229 3466 iu
1249 3399 1422 3466 rl¹ursclliui

311 3511 445 3570 tomo1v
464 3503 529 3587 p.3
545 3503 693 3570 codicum
715 3501 895 3588 scripturae
915 3500 1105 3569 adhaerenti
1127 3501 1259 3569 credere
1280 3521 1339 3587 per
1361 3519 1423 3568 me

311 3613 394 3672 trum
417 3625 482 3672 nou
502 3605 597 3671 licet:
614 3609 720 3690 potest
734 3603 830 3670 scribi
850 3605 920 3691 Epo
935 3606 1000 3672 iam
1015 3606 1080 3672 tom
1101 3604 1282 3672 convorram
1302 3604 1421 3686 illanc,

311 3711 369 3775 ubi
387 3709 445 3775 ahc·
463 3720 508 3774 art
526 3710 667 3794 pontium
683 3755 690 3774 .
706 3705 748 3773 do
770 3707 921 3774 Dirarum
942 3711 1049 3774 autem
1070 3707 1246 3792 scriptore,
1262 3705 1353 3772 cuius
1374 3709 1423 3772 eat

313 3809 374 3875 115
396 3809 499 3874 Dolor·
514 3833 649 3896 namque
664 3821 777 3893 mma,
793 3809 951 3878 Merkelio
966 3815 999 3877 et
1014 3807 1157 3895 Hauptio
1170 3807 1350 3891 casaubon,
1365 3805 1420 3890 qui

168 3951 175 3968 ·
312 3931 383 3978 eum
405 3911 549 3994 Vergilio
572 3931 683 3998 parem
706 3917 813 3980 aetate
834 3911 978 3995 iaciunt,
993 3911 1134 3980 altered
1148 3909 1220 3976 Ibin
1235 3909 1361 3995 pust,
1376 3907 1420 3974 al·

311 4022 360 4080 ter
375 4014 408 4079 iu
424 4012 704 4080 observationibus
727 4013 845 4080 criticis
866 4035 898 4100 p.
914 4013 955 4080 47
972 4062 981 4081 .
1002 4019 1172 4100 praeterea
1186 4009 1418 4078 observandum

311 4123 362 4184 est
382 4115 510 4183 mouile
533 4115 593 4183 hoc
614 4116 785 4201 probatum
807 4137 872 4183 uon
893 4117 995 4184 fuisse
1011 4165 1019 4200 ,
1034 4115 1070 4183 iu
1091 4117 1181 4183 cuius
1195 4113 1276 4182 libro
1290 4111 1365 4198 ιι,4,
1380 4110 1418 4176 12

311 4221 345 4286 in
360 4219 519 4303 excerptis
534 4218 770 4285 Parisieusibus
792 4225 842 4285 est
862 4219 978 4286 abab
999 4242 1102 4301 nuuc,
1117 4235 1183 4284 uou
1197 4215 1312 4284 omna
1324 4237 1417 4279 aaut.

311 4321 498 4407 Lygdamus
526 4339 605 4387 voro
632 4320 666 4386 iu
692 4319 753 4388 hoo
781 4327 816 4388 ut
840 4322 875 4387 iu
896 4321 970 4388 aliis
993 4340 1014 4388 a
1034 4319 1164 4387 monuo
1186 4315 1295 4384 differt
1311 4339 1319 4382 ε
1338 4311 1417 4382 dixit

312 4423 396 4489 cuim
411 4423 442 4507 4,
457 4423 500 4488 43
521 4435 607 4488 costo
628 4447 702 4488 nom
724 4425 784 4490 rito
800 4435 933 4510 potitae.
