3052 5150
627 381 676 452 lll
1145 385 1206 454 115

114 557 328 622 correctionem
366 557 497 640 reiecit,
540 575 637 640 quam
676 555 832 640 Fcrbiger
868 577 908 623 88
946 553 1207 624 commemoravit

114 656 245 739 qudem.

182 761 254 827 576.
279 759 385 840 Ques
401 781 515 824 urrau
530 779 808 832 accusemur.
825 761 1112 844 Quadratasque:
1134 765 1205 829 cius

14 927 15 930 ,
112 870 257 928 corrector
281 869 313 928 et
335 862 409 929 ltali
433 863 587 942 Qusua.

181 963 254 1030 518.
278 985 442 1029 suerrus
478 985 720 1030 successae.
759 965 926 1034 Ocrrcctor
969 969 1102 1054 oblongi
1142 991 1204 1033 rs-

111 1086 239 1132 88888.
992 1087 1000 1104 ·

182 1169 255 1236 580.
277 1191 405 1242 88888
438 1193 533 1235 seua
558 1193 678 1236 ruaau
704 1193 840 1237 surus.
857 1171 1025 1240 Ocrrector
1054 1173 1204 1259 quadrati

111 1277 136 1336 et
154 1270 224 1338 Itali
245 1293 423 1344 uacuum
443 1273 589 1361 perferre
611 1275 738 1339 auimac'
747 1323 755 1339 .

180 1375 253 1442 582.
276 1395 366 1446 auru
388 1397 432 1440 aa
456 1397 542 1442 ruo.
559 1376 634 1442 Itali
658 1378 736 1462 quin
758 1397 808 1440 ux
830 1379 912 1444 imo.

181 1479 253 1545 583.
277 1499 444 1543 nrrruse
467 1500 583 1544 surus
606 1499 711 1544 arus.
736 1479 810 1545 ltali
833 1483 959 1548 anemae
981 1503 1063 1548 vrs.

180 1581 250 1647 585.
275 1602 371 1651 uura
404 1603 502 1647 uuus
535 1602 631 1647 coco
666 1601 757 1647 eursu
789 1581 1053 1649 8888888888
1086 1606 1204 1651 acuas

11 1727 12 1737 2
107 1703 243 1747 assera
270 1705 491 1756 ssrusuauu
519 1705 591 1748 eurr
616 1705 736 1751 sarus
756 1733 764 1749 .
787 1685 971 1765 Quadratus
999 1689 1077 1774 qaia
1102 1701 1202 1772 motu,

10 1813 11 1820 ¹
106 1785 185 1852 idem
198 1786 414 1852 Tauda'menta
429 1793 461 1852 et
476 1789 660 1874 animeque.
679 1787 884 1855 Eichstadius
900 1795 932 1853 et
942 1787 1118 1874 Fcrbiger‚
1135 1792 1204 1875 qui·

104 1887 158 1954 bus
174 1889 347 1955 miserrimc
360 1909 508 1974 quaeque
523 1891 771 1978 placent,jorae
787 1903 918 1956 manant
930 1892 1129 1980 animaeque,
1145 1895 1203 1960 sci-

104 1990 175 2056 licet
199 1991 253 2056 uni
280 1991 407 2076 corpori
434 1993 550 2059 multas
577 1992 703 2059 animas
730 1991 927 2078 tribuentes,
950 1993 1035 2078 quod
1059 1997 1203 2079 exagitat

105 2097 261 2177 tamquam
288 2093 555 2160 absurdissimum
583 2101 682 2180 poeta
706 2114 802 2162 versu
830 2089 912 2162 666.
930 2095 1086 2163 Marullus
1108 2097 1203 2184 forae

103 2196 220 2261 anemae
240 2209 456 2283 ucanantque5
476 2197 509 2262 in
528 2215 597 2282 quc
617 2215 720 2282 aeque
735 2197 878 2264 absurda
892 2205 967 2264 sunt
982 2197 1203 2266 Fundamenta

12 2315 13 2344 ³
103 2297 190 2378 serae
212 2297 277 2364 leco
299 2311 383 2363 mota
405 2305 437 2365 at
459 2301 573 2367 eadem
591 2300 805 2388 fundamenta
822 2327 883 2389 per
905 2315 997 2367 artae
1017 2317 1201 2369 manantca.

70 2399 74 2408 '
104 2398 321 2466 Wakefieldus
335 2421 400 2467 uon
413 2403 521 2488 inepte
533 2403 627 2488 forae
642 2404 751 2468 anima
767 2417 930 2470 emanante
939 2429 1001 2492 per
1020 2417 1129 2472 artua.
1146 2408 1203 2474 sed

102 2503 200 2588 male,
229 2503 316 2587 quud
344 2509 377 2568 et
404 2503 519 2572 lortius
547 2511 596 2572 est
618 2511 650 2571 et
672 2505 823 2572 librorum
846 2507 1025 2592 scripturae
1048 2509 1203 2595 propius,

94 2605 183 2688 jorae
211 2627 388 2670 uausuru
418 2608 527 2673 anima
554 2629 698 2693 uscue,
720 2631 782 2696 per
811 2623 900 2675 artae
927 2609 1052 2697 Perque
1077 2613 1204 2677 ciarum

101 2709 196 2773 omna
208 2710 342 2795 flemus,
366 2710 400 2774 in
423 2733 552 2796 empore
573 2712 634 2797 qai
651 2723 743 2792 cunt,
767 2711 871 2796 Atque
883 2711 1075 2798 foramina.

177 2810 251 2878 593.
274 2831 444 2876 vruarurr
472 2811 538 2877 lua
573 2832 693 2877 surus
720 2833 764 2876 sc
792 2833 892 2878 uoco
914 2833 1023 2878 socur
1043 2836 1090 2878 pu
1113 2835 1202 2880 cou-

100 2931 191 2976 8888
213 2933 332 2978 curura
355 2935 521 2998 888888,
545 2913 597 2980 Er
619 2935 733 2986 auser
748 2935 920 2980 sueauuo
936 2937 1202 2981 csuuuusccau

100 3034 264 3081 rsuecarr
287 3037 444 3097 roccus,
468 3019 693 3090 Moaarsauu
716 3039 904 3082 ussssaur
924 3039 1071 3082 canuae
1087 3039 1201 3085 auara

98 3137 261 3184 888888.
279 3121 316 3185 18
338 3120 388 3185 his
411 3141 603 3186 uxsssaur
624 3120 828 3187 scribendum
849 3139 920 3187 esse
943 3126 1102 3187 corrector
1124 3141 1202 3206 qua-

7 3279 9 3310 *
98 3219 177 3287 drati
199 3229 231 3288 et
253 3221 328 3287 Itali
351 3223 522 3290 viderunt:
545 3229 653 3290 cetera
674 3243 769 3290 nemo
793 3219 976 3307 expedivit,
1001 3243 1073 3289 cum
1094 3231 1202 3292 tamen

7 3355 9 3360 ·
99 3328 127 3387 et
145 3323 293 3390 vitiorum
315 3324 410 3392 sedes
425 3331 551 3411 pateret
570 3345 630 3393 uec
645 3325 806 3392 sententia
821 3325 959 3392 obscura
974 3331 1079 3392 esset.
1094 3326 1202 3393 hiatus

98 3425 211 3509 optimc
232 3426 280 3492 sic
301 3427 545 3514 supplebimus,
562 3428 688 3496 videtur
710 3427 764 3494 Ire
786 3429 895 3494 uncina
916 3451 954 3494 ac
976 3440 1036 3494 tato
1058 3429 1144 3495 cetui
1163 3429 1202 3496 de

97 3550 221 3614 empore
243 3549 382 3614 usuca,
406 3535 439 3596 et
460 3531 636 3618 Molliaque
659 3531 819 3617 eneanqac'
837 3551 982 3596 causeo
1005 3529 1118 3597 cadere
1139 3553 1201 3597 om-

7 3657 9 3684 ·
96 3630 149 3694 uia
162 3633 300 3698 membra
312 3681 320 3699 .
333 3632 475 3698 nondum
487 3635 535 3700 ire
547 3633 676 3700 ridetur
688 3632 816 3717 anima,
830 3631 916 3718 quud
927 3637 998 3699 erat
1008 3650 1105 3698 versu
1115 3633 1180 3700 526
1193 3683 1201 3718 ,

7 3755 8 3818 r
96 3731 149 3797 886
172 3735 218 3801 ire
237 3733 336 3820 uelle,
353 3741 387 3800 ut
400 3735 433 3800 iu
450 3755 493 3819 rv,
505 3735 570 3802 518
593 3735 664 3801 Iam
686 3759 778 3802 ruere
800 3751 834 3801 at
856 3735 1013 3824 quaedam
1034 3735 1202 3802 uideantur·

95 3833 169 3902 velte
189 3851 345 3924 ruantque
368 3885 375 3902 .
399 3839 559 3926 exeanqcu’
581 3843 687 3904 autem
716 3851 825 3905 trunco
854 3845 889 3905 ut
916 3838 1015 3925 paulo
1043 3845 1116 3923 post
1137 3837 1202 3904 654

97 3934 135 3999 Et
155 3952 249 4024 caput
269 3940 426 4005 85885888
448 3938 553 4005 aalide
568 3942 748 4027 cruenteque
763 3954 873 4008 trunco
891 3991 898 4006 .
914 3947 948 4007 at
968 3941 1114 4026 plerique
1137 3959 1202 4006 om·

98 4055 150 4102 ucs
171 4037 338 4106 Marullum
363 4041 463 4107 secuti
487 4041 618 4106 suntin
640 4061 737 4108 versu
760 4043 852 4108 tertia
876 4043 1067 4110 scribentem
1089 4067 1201 4109 eacan-

94 4141 152 4222 qca'
168 4143 279 4210 cadere
301 4146 406 4210 ocnnc'a
428 4167 558 4232 corpore
580 4145 740 4212 mantra:
755 4143 813 4210 sed
835 4144 890 4210 ille
912 4146 1050 4230 primum
1074 4143 1200 4213 deleve·

95 4247 161 4327 rat,
181 4241 353 4313 Lambinus
369 4247 497 4313 tertium
513 4247 650 4314 exclusit
674 4253 706 4312 et
728 4247 761 4311 iu
784 4247 887 4331 primo
910 4247 1038 4334 scripsit
1058 4249 1144 4316 ectac'
1163 4248 1201 4314 de

96 4364 217 4430 corpere
237 4349 395 4432 membra,
418 4348 506 4434 quod
529 4355 689 4416 corrector
711 4348 859 4432 quadrati
886 4355 1078 4435 praeierat.
1107 4350 1200 4417 (tree-

97 4441 200 4534 cbius,
215 4455 251 4514 ut
264 4447 361 4536 Itali,
378 4451 458 4518 haec
480 4470 613 4537 prorsus
636 4452 744 4536 inepte
766 4451 950 4538 coniunxit,
965 4453 1052 4538 cclcc·
1071 4451 1110 4518 de
1132 4476 1198 4517 eor-

95 4569 167 4631 pcre
187 4551 325 4620 mambra
346 4559 379 4619 et
400 4553 513 4622 cadere
535 4555 641 4620 amaia
657 4577 785 4641 empore
799 4555 937 4620 membra
953 4601 961 4618 .
978 4551 1200 4619 Wakefieldus
