3110 5146
668 395 696 470 V

230 575 264 624 10
281 570 404 622 Animam
422 577 448 621 et
465 569 579 620 animum
597 583 649 620 non
668 583 741 636 potae
759 581 813 619 erae
831 565 887 617 aine
905 580 1012 632 corpora

280 659 321 710 De
338 657 401 708 aolia
418 663 444 709 at
461 657 538 708 lunae
557 655 695 708 effectione

281 746 321 798 De
338 744 473 796 nativitate
490 744 578 795 mundi
597 751 623 795 et
642 745 681 796 dia

281 833 405 884 Mundum
423 847 476 884 non
494 847 548 884 eeee
567 831 600 883 ab
618 830 836 898 diaeonpoaitione
853 845 937 882 rerum
955 845 1018 893 que.

281 921 399 972 stitutum
418 919 445 970 in
464 933 494 970 eo
512 927 571 970 aunt

231 1009 262 1059 15
281 1007 331 1060 cui
350 1023 408 1074 para
427 991 514 1058 natira
532 1008 554 1058 ai
573 1015 654 1058 toturn
673 1007 789 1086 nativum
806 1021 860 1058 eoae

280 1096 320 1149 De
338 1095 515 1147 cantandum
533 1095 615 1146 ranila
632 1095 664 1147 de
682 1101 750 1146 terra
768 1095 799 1146 de
818 1107 885 1158 aqua
902 1093 934 1144 de
951 1105 1011 1144 aere
1027 1091 1090 1143 aive'

281 1183 369 1235 anima
386 1183 418 1234 de
436 1181 565 1234 chimaera

227 1271 261 1322 32
281 1270 321 1322 Da
338 1271 399 1322 lune
416 1283 493 1322 ouran

282 1358 323 1411 De
340 1357 383 1410 die
400 1358 479 1424 longo
499 1365 525 1410 at
542 1357 612 1411 brari
630 1365 706 1411 noete

279 1461 312 1496 ex
329 1445 374 1496 ida
391 1446 461 1498 vireo
478 1446 541 1498 aolia

129 1564 237 1648 itaque
252 1562 337 1631 hnno
359 1564 392 1631 in
408 1564 519 1632 oodioe
541 1563 718 1651 archetypo
737 1561 791 1630 vel
812 1563 873 1629 hoe
887 1562 940 1660 vei
962 1561 1126 1630 simillimo
1141 1562 1238 1628 modo

129 1665 321 1753 diapomtum
345 1667 447 1736 fuiaae
469 1669 639 1736 existimo.
738 1679 741 1684 ’

168 1809 248 1877 Plua
270 1809 452 1878 hominibus
474 1811 634 1898 profuisse
655 1809 709 1896 qui
732 1809 925 1896 sapientiam
947 1807 1105 1874 invenerit

168 1933 267 1998 quam
289 1913 439 1980 Cererem
462 1915 614 1982 Liberum
635 1913 827 1980 Herculem.

167 2016 321 2082 Animam
342 2018 487 2084 nativam
509 2037 602 2084 eoae.

167 2119 220 2184 DQ
241 2117 382 2185 mundi).
869 2141 928 2182 one
941 2142 1004 2184 lunae
1019 2141 1113 2182 lumina.

168 2221 219 2287 De
240 2220 321 2288 SOliS
343 2228 376 2288 et
397 2224 493 2290 1111186
515 2241 631 2288 eursu.
870 2247 903 2287 De
917 2246 968 2287 anni
983 2245 1128 2295 temporibus.

166 2321 259 2390 Mare
282 2324 406 2390 eaelum
427 2331 545 2392 terram
567 2323 755 2391 interitura.
864 2349 898 2390 o·
911 2349 1002 2398 torm.

126 2449 151 2487 ιο
168 2425 321 2492 Animam
344 2433 376 2494 et
397 2428 539 2494 animum
562 2444 627 2490 non
648 2445 746 2510 ponae
768 2445 840 2493 eoae
862 2426 933 2493 aine
956 2443 1023 2489 eor-

166 2547 267 2614 p01'0·
430 2557 463 2596 De
477 2556 530 2596 rolla
544 2557 565 2594 et
578 2553 642 2594 lunae
655 2553 783 2595 odeotione.
891 2553 925 2593 Da
938 2537 1051 2591 maritate
1065 2547 1140 2589 mnndi
1156 2551 1177 2588 et
1191 2547 1234 2589 dia·

166 2629 323 2697 Mundum
346 2651 413 2698 non
435 2652 507 2698 ease
529 2631 571 2699 ab
594 2630 644 2698 dia
667 2651 848 2710 oon-patmon
862 2669 934 2698 aarum
947 2667 988 2707 qua

167 2733 489 2802 atitntummnmmm.
568 2733 674 2802 1501ιὶ
704 2754 781 2822 para
807 2734 919 2800 natira
945 2733 1008 2819 ait,
1028 2737 1128 2799 totum
1154 2733 1236 2800 nati-

165 2856 243 2904 vum
260 2855 352 2902 osae.
368 2860 401 2901 m
416 2861 529 2902 annam
543 2863 576 2901 m
591 2863 668 2903 sauna
685 2839 838 2904 Deterre.
852 2836 901 2902 De
910 2853 1005 2921 aqua.
1019 2836 1068 2900 De
1079 2840 1155 2902 aere
1167 2836 1236 2902 aive

166 2938 276 3004 anima
289 2985 297 3004 .
311 2963 345 3004 Da
358 2965 486 3006 Chimaera.
574 2940 623 3005 De
642 2940 713 3024 igni
736 2945 769 3005 ei
790 2938 882 3005 8010.
905 2963 953 3002 lion
967 2964 1064 3012 potniare
1077 2963 1201 3002 chimeram
1215 2965 1236 3002 et

114 3043 120 3058 Ι
167 3042 218 3106 ΒΘ
240 3039 393 3126 lampade
416 3044 448 3106 ei
468 3040 623 3108 iuterna.
648 3065 741 3118 Soyilarn
755 3070 776 3106 at
789 3065 872 3106 similla
886 3075 960 3104 eornm
973 3063 1048 3113 gigni.

124 3162 150 3202 ro
166 3145 217 3209 De
239 3140 414 3227 aedifloiia,
430 3161 525 3227 quem
548 3143 722 3210 admodum
745 3168 857 3219 onoma
871 3167 996 3206 rontano
1009 3165 1042 3204 m-

165 3245 329 3311 intereant
345 3293 353 3311 .
374 3271 425 3308 nata
436 3269 466 3311 ait
479 3269 568 3311 deornm
581 3272 671 3322 opinio.

167 3347 277 3426 Quare
321 3352 398 3413 ilai&
442 3349 552 3414 Omnia
595 3349 682 3417 diota
704 3399 712 3415 .
745 3375 814 3426 Quem
835 3373 950 3414 admodum
972 3381 1048 3440 aurum
1135 3347 1136 3350 Ἰ

167 3448 275 3530 Quare
297 3451 472 3516 aeternitas
494 3469 566 3518 eaeo
586 3453 714 3538 poenit.
736 3453 910 3518 latuerim
932 3470 1028 3517 ease.
1051 3476 1161 3520 meantum

588 3539 701 3588 plumbum

124 3619 149 3663 a
167 3603 218 3668 Do
240 3601 396 3669 Phetonte
418 3602 497 3669 solia
519 3603 609 3670 filio.
631 3631 795 3681 ramam.

167 3703 267 3788 origi)
290 3703 402 3770 mundi
424 3711 457 3771 ei
477 3707 644 3772 Omnium.
667 3729 864 3780 Quemadmodum
878 3733 959 3774 {arrum

166 3807 217 3874 De
239 3806 318 3873 aolia
340 3815 372 3872 et
393 3808 491 3874 lunae
513 3807 756 3892 magnitudine.
780 3835 891 3878 mamm
905 3837 944 3878 m.

166 3909 217 3974 Do
238 3909 318 3975 solia
339 3909 587 3993 magnitudine.

167 4011 217 4076 Do
239 4011 339 4076 luna.
498 4087 505 4102 ι

125 4135 149 4176 ro
166 4113 218 4179 De
240 4113 347 4180 calore
369 4113 469 4180 nolio.

166 4216 343 4284 Democriti
366 4215 408 4282 de
429 4218 518 4284 eolo.
765 4293 768 4300 ,

167 4321 217 4386 De
238 4318 315 4386 lune
336 4337 452 4386 ouran.
863 4323 913 4390 iix
935 4324 997 4392 lda
1018 4325 1109 4392 daeo
1131 4327 1232 4394 solia.

412 4422 461 4490 De
483 4423 538 4491 die
559 4424 659 4510 longo
681 4429 714 4490 et
734 4424 826 4492 brevi
848 4431 961 4495 noete.

209 4569 283 4637 930.
319 4587 387 4632 nno
423 4587 509 4632 naar
546 4589 727 4635 conroara
763 4589 890 4634 uuna.
924 4568 1090 4655 oblongus
1129 4570 1234 4659 prima
