3052 5144
603 467 634 530 II

67 637 221 721 sicigitur
243 637 360 702 debent
382 637 529 702 dammae
553 657 679 720 qnoque
701 657 798 721 posse
821 657 878 722 per
901 657 997 703 armas

66 754 143 816 seris
163 771 334 836 expressae
356 771 478 817 sursum
502 752 694 834 succedere,
719 771 913 834 quamquam

14 889 46 932 m
68 867 223 950 pondera,
247 873 399 948 quantum
422 872 471 945 cst
492 865 526 928 in
549 883 604 940 se,
627 865 776 930 deorsum
799 866 913 932 ducere
936 875 1099 953 pugnent.

68 989 296 1062 nocturnasque
317 981 405 1046 isoes
428 980 530 1062 cccli,
555 978 688 1044 sublime
710 981 867 1063 solantis,

68 1115 163 1162 nonne
184 1095 275 1162 rides
298 1095 411 1178 longos
434 1093 634 1159 flammarum
657 1093 773 1159 ducere
795 1102 913 1160 tractus

68 1211 96 1272 in
118 1229 194 1292 quos
216 1229 352 1292 cumque
374 1209 463 1274 dedit
483 1209 583 1292 partis
605 1215 719 1273 natura
742 1211 910 1274 meatum?

68 1345 123 1388 non
143 1311 254 1390 cedere
277 1325 311 1388 in
333 1330 450 1388 terram
472 1322 581 1388 stellas
604 1330 635 1386 et
656 1323 761 1388 sidera
785 1325 913 1390 cernis?
988 1317 991 1324 ’

14 1459 46 1503 no
68 1440 110 1503 sol
131 1439 222 1504 etiam
245 1459 369 1505 summo
392 1438 433 1504 de
455 1438 572 1503 vertice
595 1436 730 1521 dissipat
753 1441 855 1504 omnis

66 1553 200 1620 ardorem
223 1555 256 1618 in
279 1553 380 1638 partis
403 1559 434 1618 et
455 1552 574 1616 lumine
597 1554 735 1617 conserit
757 1574 855 1618 arva:

67 1666 95 1728 in
114 1674 212 1733 terras
234 1669 333 1750 igitur
355 1687 482 1748 quoqne
505 1667 585 1731 solis
605 1668 744 1751 vergitur
765 1668 883 1733 ardor.

66 1787 321 1862 transversosque
344 1781 454 1846 volare
476 1800 533 1865 por
554 1780 664 1846 imbris
686 1782 822 1846 sulmina
845 1785 967 1866 cernis,

67 1917 141 1962 nunc
162 1897 233 1962 binc
257 1916 343 1960 nurrc
365 1895 452 1960 illino
474 1896 601 1979 abrupti
623 1897 761 1960 nubibus
779 1898 871 1976 ignes

14 2030 48 2074 m
68 2017 264 2076 concursant:
289 2008 375 2074 cadit
396 2009 429 2074 in
452 2017 555 2076 terras
577 2011 630 2076 ris
647 2011 797 2076 flammea
820 2012 939 2092 volgo.

104 2125 176 2189 lllud
198 2125 231 2190 in
256 2123 307 2189 his
330 2131 509 2206 quoquere
532 2125 626 2190 rebus
649 2145 842 2208 cognoscere
866 2145 1017 2210 avernus,

73 2258 186 2322 corpora
210 2259 284 2304 curn
308 2238 455 2302 deorsum
478 2247 596 2303 rectum
619 2241 794 2323 perinane
816 2241 978 2318 seruntur,

71 2354 250 2434 ponderibus
274 2352 412 2437 propriis
434 2353 555 2418 incerto
577 2361 720 2438 tempore
743 2355 841 2419 tenne

69 2466 245 2550 incertisque
271 2466 333 2532 loci
356 2468 468 2550 spatiis
490 2467 648 2532 decellere
671 2471 821 2553 paulum,

14 2595 48 2641 nc
68 2587 175 2646 tantum
198 2582 287 2666 quod
310 2599 434 2644 momen
457 2589 612 2646 mutatum
635 2581 742 2648 dicere
764 2585 891 2666 possis.

70 2696 221 2774 quodnisi
247 2695 411 2762 declinare
433 2695 592 2781 solerent,
616 2697 724 2762 omnia
748 2697 916 2781 deorsum,
1008 2736 1012 2746 ·

67 2809 164 2875 imbris
186 2812 231 2876 uti
256 2817 386 2892 guttae,
411 2809 561 2875 caderent
583 2832 639 2894 per
661 2812 755 2876 inane
778 2812 991 2895 profundum,

68 2943 118 2988 neo
139 2925 220 2990 soret
242 2925 383 2990 offensus
406 2931 500 2990 nslns
524 2946 583 2989 nec
606 2926 703 3010 ploga
725 2933 834 2990 creata

67 3037 237 3122 principiis:
261 3039 307 3104 ita
329 3039 374 3102 nil
397 3059 546 3119 umquam
570 3046 685 3104 natura
709 3047 870 3105 creasset.

15 3163 48 3208 rm
104 3151 242 3227 Quodsi
268 3151 348 3218 forts
371 3155 488 3235 aliquis
511 3155 610 3219 credit
631 3156 781 3236 graviora
802 3163 930 3239 potesse

68 3282 210 3350 corpora,
234 3287 298 3349 quo
321 3267 413 3332 citius
436 3277 556 3332 rectum
580 3288 635 3352 per
657 3269 752 3334 inane
776 3270 940 3346 feruntur,

68 3377 197 3446 incidere
220 3403 260 3446 ex
284 3401 399 3465 supero
422 3382 615 3458 levioribus,
639 3392 736 3464 atque
759 3385 804 3448 itu
825 3384 939 3466 plagas

68 3493 209 3580 gignere,
233 3515 319 3578 quas
340 3496 464 3580 possint
484 3497 635 3581 genitalis
656 3498 792 3563 reddere
812 3508 936 3576 motus,

68 3607 148 3674 avius
168 3629 189 3674 a
210 3629 289 3675 vera
312 3611 407 3695 longe
429 3611 552 3676 ratione
576 3611 715 3678 recedit.

15 3731 49 3778 tu·
69 3741 133 3786 nam
154 3743 210 3808 per
232 3745 335 3806 aquas
358 3745 441 3806 quac
463 3745 599 3808 cumque
621 3727 738 3792 cadunt
760 3733 856 3810 atque
877 3735 954 3792 aera
977 3749 1103 3806 rarum,

69 3831 139 3901 baec
160 3859 218 3921 pro
241 3838 435 3922 ponderibus
458 3861 552 3904 casus
574 3841 714 3905 celerare
737 3849 901 3907 necessest

71 3957 230 4034 propterea
252 3955 328 4035 quia
351 3973 467 4036 corpus
488 3973 596 4036 aquas
618 3961 795 4036 naturaque
816 3958 919 4022 tenvis

75 4247 116 4294 ¹2⁰³
133 4265 230 4315 qnoque
247 4251 339 4304 debent
357 4254 457 4304 flamme
477 4254 489 4322 Η
511 4259 561 4306 205
581 4257 786 4320 quantominus
805 4257 818 4324 ll
839 4261 888 4308 ⁶209
908 4259 1023 4309 caderem
1039 4259 1064 4306 in
1078 4267 1144 4306 terra
1164 4255 1177 4326 ΙΙ

77 4333 118 4382 210
134 4353 229 4389 summo
247 4341 387 4393 missum.
407 4341 421 4410 Η
442 4346 492 4391 218
506 4345 593 4392 firmo.
614 4341 627 4412 Η
648 4347 697 4393 219
715 4345 778 4392 locis
790 4346 872 4408 spatio
885 4346 1009 4409 depellere
1029 4345 1042 4414 ΙΙ
1064 4347 1113 4394 2⁶22
1127 4344 1177 4392 Im-

77 4417 123 4470 bres
142 4421 155 4490 ll
174 4427 222 4476 227
242 4427 318 4492 plag.
339 4425 353 4497 ΙΙ
373 4431 423 4478 229
443 4431 525 4480 Aulus
