2996 5148
561 435 605 502 Vl

61 614 84 672 et
101 607 241 675 caudeam
262 617 379 691 queant
399 629 557 693 apparere
582 616 613 676 et
634 609 728 676 simul
750 609 821 696 ipso

58 722 149 788 sertim
168 725 204 790 de
225 725 335 792 montis
358 724 526 790 videantur
549 745 681 810 surgere
703 727 738 790 in
760 727 926 792 aethram:
1016 713 1018 716 ⁵

58 857 110 902 nan
130 839 191 905 loca
211 839 353 908 declarat
375 861 498 908 sursum
522 847 653 907 ventosa
675 849 785 925 patere

57 973 91 1018 res
108 953 166 1038 ipsa
186 962 215 1020 et
235 975 367 1042 sensus,
384 957 498 1024 montis
522 977 592 1023 cum
615 955 816 1023 ascendimus
839 958 943 1024 altos.

25 1087 43 1132 u
58 1077 189 1150 praeterea
209 1073 366 1156 permulta
388 1073 468 1138 mari
493 1093 620 1155 quoque
642 1072 753 1137 tollere
775 1079 841 1137 toto

57 1203 157 1266 corpora
177 1193 320 1252 naturam
343 1187 509 1254 declarant
531 1187 624 1253 litore
645 1195 751 1253 vestes

57 1317 210 1385 suspensae,
227 1323 296 1367 cum
322 1303 502 1389 concipiunt
527 1303 644 1368 umoris
668 1301 863 1368 adhaesum.

56 1433 98 1492 quo
117 1415 206 1499 magis
228 1417 270 1482 ad
293 1419 388 1484 nubis
411 1419 576 1504 augendas
600 1418 697 1483 multa
720 1416 865 1482 videntur

55 1547 124 1609 posse
142 1551 261 1614 quoqne
284 1553 303 1598 e
327 1533 415 1599 salso
439 1553 633 1616 consurgere
656 1533 794 1599 momine
816 1535 925 1618 ponti:

25 1647 195 1712 stauratio
217 1649 489 1728 consanguineast
512 1649 676 1714 umoribus
700 1649 791 1714 ollis.

25 1803 26 1808 η
55 1765 183 1838 pneuma
203 1761 308 1828 fluviis
332 1781 371 1828 ex
395 1763 541 1828 omnibus
565 1769 597 1826 et
619 1763 712 1826 simul
735 1763 808 1848 ipsa

25 1877 27 1914 ¹
56 1892 151 1954 surgere
171 1876 210 1942 de
233 1885 320 1943 terra
342 1878 476 1943 nebulas
499 1885 687 1960 aestumque
710 1879 874 1957 videmus,

56 2007 111 2067 quae
130 1992 174 2057 vel
197 2001 231 2058 ut
253 1994 353 2058 alitus
376 1991 449 2057 binc
471 1993 516 2063 ita
539 2011 663 2057 sursum
686 2013 839 2078 expressa
860 1993 1005 2061 seruiitur

59 2103 266 2191 uffnnduntqua
289 2127 350 2172 sua
372 2109 498 2174 caelum
523 2109 659 2190 caligine
682 2117 714 2174 et
736 2109 817 2175 altas

30 2218 177 2286 sufficiunt
199 2223 295 2288 uubis
318 2223 474 2306 paulatim
497 2223 738 2288 conveniundo:

65 2341 112 2416 liget
130 2337 208 2402 cuim
235 2357 366 2420 quoque
390 2337 533 2422 signiferi
558 2358 654 2422 super
675 2339 813 2404 astiteris
837 2349 945 2407 aestus

61 2453 159 2530 ttqoasi
181 2451 350 2518 densendo
374 2452 515 2517 subtexit
537 2455 665 2518 casulla
688 2455 825 2520 nimbis.

56 2557 194 2648 itquoque
217 2573 253 2632 ut
277 2567 340 2632 buo
361 2568 490 2632 veniant
512 2567 543 2630 in
568 2568 693 2632 caelum
717 2569 911 2634 extrinsecus
934 2571 991 2636 illa

55 2672 151 2760 torpore
169 2703 253 2764 quae
279 2681 402 2747 faciunt
425 2683 518 2746 nubis
540 2683 728 2765 nimbosque
750 2683 907 2749 volantis:

25 2787 280 2863 sinuumerabilem
304 2797 388 2862 enim
411 2817 574 2862 numerum
599 2815 820 2880 summamque
842 2799 992 2884 profundi

52 2919 99 2970 sse
116 2909 263 2978 infinitam
289 2911 403 2994 docui,
420 2918 602 2994 quantaque
626 2913 772 2977 volarent

51 3035 146 3102 equora
167 3027 349 3093 mobilitate
373 3026 497 3092 ostendi
521 3047 678 3109 quamquo
703 3037 834 3111 repente

50 3129 252 3207 inutrmcrabile
276 3161 335 3226 per
358 3142 495 3226 spatium
518 3143 656 3207 transire
679 3143 836 3209 solerent.

50 3241 99 3311 tout
117 3253 205 3334 igitur
231 3257 395 3340 mirumst,
412 3257 438 3320 si
463 3276 561 3339 parvo
583 3263 724 3342 tempore
748 3279 845 3344 saepe

25 3365 91 3426 tum
109 3371 227 3454 magnis
250 3371 368 3437 nimbis
390 3379 564 3456 tempestas
587 3378 684 3454 atque
707 3377 860 3441 tenebrae

49 3483 177 3560 inperium
198 3487 303 3552 maria
325 3507 363 3551 ac
384 3493 486 3552 terram
507 3488 643 3570 inpensa
666 3508 822 3573 superne,

49 3593 154 3676 undique
177 3601 439 3682 quandoquidem
461 3621 519 3686 per
542 3603 652 3668 caulas
675 3604 815 3670 aetheris
839 3607 941 3692 qmuis

49 3712 67 3763 tl
82 3715 158 3787 qussi
181 3715 371 3799 permagni
395 3717 512 3780 circum
536 3718 698 3801 spiracula
720 3699 827 3784 usundi

48 3820 123 3890 exitus
144 3829 353 3910 introitusque
375 3831 542 3896 elementis
565 3832 710 3897 redditus
733 3841 839 3898 extat.

50 4013 214 4036 -,-———

49 4149 81 4194 tu:
97 4157 275 4224 condensasque
293 4167 348 4210 arta
366 4177 453 4226 parere
481 4161 494 4230 Η
519 4165 569 4214 467
590 4163 705 4216 rideatur
729 4167 740 4232 l.
766 4167 861 4219 46810
887 4165 901 4238 Η
925 4171 975 4221 469
994 4186 1094 4223 sensum
1120 4171 1133 4242 Η

49 4238 158 4301 4ῖ3ραοι1
178 4245 191 4312 Η
212 4249 264 4296 474
276 4247 404 4298 mhominc
424 4248 437 4318 Η
457 4253 508 4301 475
521 4254 712 4317 consanguinea
730 4269 756 4304 se
777 4251 790 4323 Η
810 4257 907 4306 omnis.
929 4257 942 4326 Η
962 4263 1013 4309 476
1033 4261 1106 4310 fluxis
1121 4261 1135 4329 Η

47 4323 79 4370 bil
98 4327 163 4394 Urgit
181 4331 199 4400 Η
221 4349 284 4400 supe
308 4332 321 4404 Η
345 4337 395 4386 483
413 4337 481 4388 bunc
501 4337 514 4405 Η
534 4339 590 4388 illi.
612 4339 625 4408 Η
646 4343 697 4390 488
716 4357 760 4406 per
778 4345 917 4396 arabeum.
939 4343 952 4416 Η
972 4349 1023 4396 490
1042 4349 1136 4399 orontis

48 4417 144 4476 scirpeam
161 4417 174 4488 Η
193 4425 241 4472 491
263 4423 401 4488 coperiant
420 4423 433 4493 Η
454 4429 504 4476 492
524 4427 609 4478 carias
