3036 5150
628 392 660 459 11
1156 391 1197 460 97

115 563 163 628 tius
183 563 269 628 tari:
291 562 448 628 Marullus
471 576 579 651 turpes
600 563 740 650 otide’que
756 612 764 629 .
781 563 858 628 mibi
874 583 940 628 uon
955 561 1083 629 videtur
1105 561 1196 628 dubi·

113 665 162 728 tari
180 683 270 749 posse
293 665 370 747 quin
393 686 476 727 nrnr
498 679 665 752 turpesque
688 665 892 732 scribendum
914 667 976 732 sit.

181 766 248 832 422.
270 765 391 832 Ouurs
413 787 528 852 nuru,
553 789 692 834 seusus
716 788 789 839 Qun
812 789 960 833 uuncnu
977 789 1199 839 cuuQunvr-

114 889 259 932 neurus.
290 867 442 932 Videntur
464 887 504 934 ex
527 889 624 937 versu
647 871 815 956 superiore
842 872 875 938 iu
904 871 987 938 buue
1009 871 1198 956 irrepsisse,

113 971 171 1036 bule
181 968 407 1038 substantivum
421 969 609 1036 femininum
621 973 749 1056 deesse,
764 973 916 1039 Marullus
928 973 1022 1058 vidit,
1036 973 1090 1057 qui
1102 973 1200 1058 serip-

112 1073 145 1138 sil
161 1099 233 1160 quae
247 1071 362 1137 mulcet
376 1096 475 1138 eausa
489 1076 660 1162 iuvatque5
681 1095 746 1140 non
768 1075 918 1142 viderunt
933 1077 1092 1141 Antonius
1108 1075 1201 1140 Marii

113 1183 138 1240 et
150 1177 381 1262 Wakefieldus‚
398 1177 514 1262 quibus
537 1179 657 1262 placuit
679 1176 813 1243 un‘dendo
836 1183 868 1244 et
889 1178 1048 1244 vellentem
1065 1227 1073 1243 .
1089 1198 1201 1245 verum

112 1285 152 1342 est
174 1303 279 1346 sersus
306 1304 387 1366 quae
415 1279 528 1346 mulnet
554 1305 685 1368 eumque
711 1301 880 1345 rrauan.
903 1280 964 1347 hou
992 1281 1046 1366 qui
1068 1301 1133 1347 nou
1156 1281 1202 1346 iu·

111 1379 291 1448 tellexissent
318 1383 388 1448 iure
414 1381 515 1448 notati
542 1389 618 1448 sunt
645 1401 666 1447 a
693 1382 939 1449 Sebueidewiuo
968 1383 1001 1447 in
1033 1383 1201 1466 Philologo
1308 1406 1310 1412 ¹

111 1502 179 1568 mp.
192 1484 277 1551 538.

8 1646 12 1679 r
180 1587 251 1653 423.
284 1588 365 1653 Aur
388 1608 470 1651 suun
493 1608 734 1651 ennucrnrrur
756 1607 896 1660 aureus
919 1599 1088 1653 nnvrotns
1112 1609 1201 1652 enn-

8 1689 9 1708 ³
112 1709 210 1752 arser
226 1739 234 1756 .
251 1689 437 1770 Quadratus
460 1691 685 1757 tentamine
707 1696 867 1756 eorreetor
890 1690 999 1756 Hnun
1014 1739 1022 1760 .
1039 1692 1202 1757 Avantius

9 1828 13 1861 ι
111 1790 198 1856 Haud
216 1795 285 1859 sine
306 1814 478 1857 uuvonu.

180 1895 253 1960 427.
275 1917 410 1960 suaxrs
432 1916 677 1960 uucsouunus
699 1917 841 1968 uscuur
865 1895 942 1961 San
957 1915 1072 1960 unurs
1087 1917 1202 1960 nuen-

111 2015 171 2059 uus
199 2019 351 2062 rannus
376 2019 657 2063 naosnnurraus
684 2000 886 2062 'I'rrrnrrnn
917 2019 1033 2062 naeus
1060 2019 1202 2062 seusus

111 2117 198 2166 ausu
219 2120 392 2164 sannaus.
415 2121 605 2165 russuur.
627 2101 654 2165 Ε
675 2101 770 2186 primi
793 2121 906 2168 versus
928 2099 992 2166 suus
1014 2125 1074 2188 que
1095 2100 1203 2168 delen-

11 2248 18 2279 .,
111 2197 174 2266 lam
200 2222 272 2268 esse
299 2203 451 2270 viderunt
472 2204 567 2288 Itali,
592 2204 646 2288 qui
669 2203 812 2270 seeundo
835 2202 1029 2270 addiderunt
1051 2216 1079 2268 et
1102 2229 1202 2290 qnae,

12 2302 18 2385 j
111 2305 184 2386 quod
199 2306 285 2372 malo
306 2306 403 2372 suribi
420 2327 598 2378 Qunuuun
617 2325 737 2392 .p0rr0
753 2325 932 2370 suesanus
948 2310 980 2370 et
994 2307 1203 2370 Turruuaan

11 2390 19 2497 l
109 2405 190 2474 ltali.
207 2421 341 2495 pessunt
355 2407 530 2492 quadratus
545 2415 578 2476 et
591 2406 751 2487 sebeniae,
769 2410 892 2494 possint
907 2405 1086 2493 oblongus,
1107 2409 1203 2494 Itali,

13 2510 18 2521 '
111 2507 178 2574 uliru
198 2511 369 2596 impressi.
406 2591 408 2598 Ι

180 2613 253 2680 430.
282 2613 435 2680 Fncuus
458 2635 524 2678 run
546 2635 647 2686 Quen
669 2634 717 2676 nn
740 2633 886 2676 sennan
908 2633 973 2675 ssu
995 2633 1204 2684 ruvrsaeun

111 2734 263 2780 saronas
279 2763 287 2780 .
310 2719 361 2784 De
376 2717 534 2802 quadrato
550 2716 662 2784 abest.
680 2736 754 2787 uuo
771 2713 810 2780 de
824 2714 896 2782 Itali
910 2765 918 2800 ‚
934 2714 1109 2782 Lambinus
1125 2737 1206 2780 ruu-

110 2837 268 2890 naeuus.

183 2923 256 2988 437.
279 2921 362 2986 Aur
385 2943 501 2987 rursu
523 2943 709 2986 ennomus
726 2971 733 2988 .
750 2920 896 2988 Sebedae
911 2919 1054 2986 Adiuvat
1069 2969 1078 2988 .
1094 2925 1206 2985 senn-

7 3053 9 3076 <
111 3043 210 3088 ursus
233 3023 392 3092 Antonius
416 3024 513 3092 Marii
537 3031 569 3092 et
589 3025 765 3091 Marullus.

183 3129 255 3195 438.
285 3131 367 3194 Aur
397 3149 443 3192 nx
473 3149 662 3193 orrnusu.
686 3128 787 3194 Immo
815 3129 972 3198 bruun.
996 3126 1092 3193 modu
1122 3127 1207 3193 enim

113 3227 227 3298 dixerat
248 3252 379 3299 sensum
401 3230 482 3297 nibil
504 3230 594 3298 aliud
617 3249 688 3298 esse
711 3229 774 3296 nisi
794 3235 931 3311 aetum,
955 3230 1011 3312 qui
1034 3227 1091 3296 fiat
1111 3229 1208 3296 rebus

113 3333 157 3396 rel
171 3333 362 3401 intrantibus
384 3335 416 3400 in
439 3354 554 3420 eorpus
577 3334 629 3401 vel
649 3353 690 3398 ex
705 3353 743 3400 eo
759 3331 1020 3416 egredientibus.
1035 3351 1120 3398 nune
1135 3332 1208 3398 sub·

8 3499 9 3530 }
113 3431 159 3499 ieit
179 3456 291 3504 seusus
322 3437 433 3504 varios
462 3456 589 3520 quoque
613 3441 645 3502 et
667 3435 818 3502 nouimus
841 3435 939 3512 oriri,
962 3453 1032 3500 eum
1055 3435 1153 3500 atomi
1176 3435 1208 3499 in

8 3535 9 3553 ¹
114 3535 176 3619 ipso
190 3559 322 3626 eorpore
338 3559 410 3606 sese
426 3538 615 3605 eeuturbent
627 3587 634 3603 .
647 3537 803 3604 Marullus
815 3557 879 3602 uon
895 3543 982 3602 reete
997 3537 1125 3621 scripsit
1139 3559 1209 3602 een-

106 3638 322 3729 funduntque:
352 3641 433 3707 baee
455 3642 539 3707 enim
562 3641 645 3708 inter
666 3663 702 3708 se
724 3661 789 3707 non
812 3639 1002 3724 eoueinuut,
1029 3639 1144 3704 Tactus
1166 3653 1211 3706 est

114 3765 229 3828 amus,
252 3767 322 3810 uum
344 3745 465 3812 semina
486 3743 683 3832 confundant
703 3767 846 3810 aeneum.

188 3847 258 3913 450.
283 3849 388 3912 Anus
405 3868 582 3919 Quassus
598 3885 684 3894 —-—
700 3867 798 3910 vocs
814 3865 1010 3909 rsuaunua
1022 3893 1030 3910 .
1044 3844 1210 3912 Oorrsutor

115 3947 251 4026 quadrati
267 3957 299 4016 et
315 3949 413 4016 aeleri
428 3953 593 4022 Aerauus
608 3975 688 4038 quea
707 3967 1037 4014 ,vocrrsssuuua
1052 3949 1210 4015 Antonius

118 4046 199 4116 Marii
221 4059 253 4117 et
274 4051 454 4118 Marullus.

190 4155 259 4222 451.
283 4177 332 4218 ax
354 4175 515 4218 nnvrnus
532 4201 540 4218 .
556 4155 625 4220 Hae
640 4153 739 4221 semel
755 4152 807 4219 bie
822 4153 856 4218 in
878 4153 1079 4238 exemplaria
1100 4160 1211 4221 nestra

117 4249 251 4340 irrepsit:
267 4279 286 4320 n
304 4258 424 4324 leuibus
438 4259 589 4343 seriptum
606 4264 695 4324 extat
709 4257 743 4322 in
759 4275 855 4323 versu
872 4256 937 4322 402
949 4256 1012 4323 455
1023 4255 1087 4322 458
1102 4256 1165 4323 466
1181 4263 1213 4323 et

117 4352 145 4418 iu
165 4377 192 4442 r,
205 4359 288 4445 4553
315 4359 429 4445 itaque
460 4361 494 4426 iu
521 4361 635 4427 ueteris
658 4379 792 4443 querum
815 4360 920 4444 prima
942 4359 1049 4425 littera
1072 4365 1121 4424 est
1143 4357 1174 4442 l,
1198 4383 1214 4424 e

118 4455 222 4545 llqaie,
245 4489 261 4528 e
284 4463 393 4546 laevo,
417 4489 433 4528 e
455 4463 543 4540 luce,
566 4487 582 4528 e
605 4460 713 4548 lapide
734 4463 809 4528 leue.

193 4563 263 4634 452.
297 4585 464 4628 seuvino
498 4586 575 4637 Qun
606 4585 780 4628 consona
812 4585 971 4636 urQurns
1000 4581 1213 4626 cossurus.

968 4667 986 4732 l
