3052 5150
303 301 363 366 ιιι
829 298 879 364 1n
931 383 935 392 ι

384 469 458 538 tub.
487 491 582 536 asro
612 489 779 543 uunuvrs
807 487 952 534 uacuae
986 491 1098 535 urruu
1129 491 1293 558 coneus,
1322 473 1398 540 (lun

301 593 488 640 susurru:
519 593 565 638 nr
592 594 664 645 Qun
695 593 852 637 rossrnr
873 593 936 636 ιιι
958 593 1083 638 sunus
1104 576 1400 644 immurmuro

302 679 380 746 (lum
401 679 553 744 adeunt:
575 693 647 742 cum
668 695 722 742 res
736 675 784 742 ita
798 681 987 761 comparata
1001 675 1044 742 sit
1058 683 1094 742 ut
1115 677 1253 744 subeant
1273 697 1400 764 corpus,

301 785 371 848 esto
395 779 436 846 iis
462 799 542 846 sene
564 778 642 846 utile
664 777 725 844 sibi
748 784 814 844 tum
831 776 938 844 fucere
953 797 1070 864 corpus
1085 827 1094 846 .
1110 778 1230 848 frustra
1252 786 1402 848 consutor
1506 813 1507 818 ι

302 881 452 966 quadrati
474 880 647 966 adscripsit
669 882 720 947 ccl
741 881 806 948 Our
827 881 908 965 (non
930 881 998 968 leqc
1019 905 1097 964 cur,
1116 888 1156 948 ut
1175 881 1275 950 refert
1288 883 1403 950 nurer—
1506 921 1507 966 ι

302 984 467 1068 campus),
499 983 617 1050 frustra
649 982 771 1049 eunicus
798 981 895 1048 Fabri
926 982 1049 1068 (seeum
1075 983 1233 1068 Forbiger
1258 1003 1280 1050 e
1304 984 1403 1052 lubre
1506 1065 1507 1080 χ

244 1169 247 1178 .
302 1085 566 1152 communionum
588 1083 712 1168 scribit)
736 1085 829 1165 Quod
849 1086 979 1152 subeunt
994 1133 1002 1150 .
1018 1083 1077 1152 ssd
1099 1093 1185 1154 recte
1199 1075 1352 1154 Marullus
1373 1101 1404 1152 ur
1506 1085 1507 1090 ’

302 1209 377 1260 uun
393 1189 539 1275 possint.
1506 1173 1507 1202 ἶ

388 1289 461 1357 738.
490 1290 570 1356 Nnc
599 1309 722 1354 runnu
751 1310 816 1354 ner
846 1310 892 1358 un
922 1301 1066 1362 euronii
1095 1311 1300 1358 usarncrrs
1321 1311 1405 1354 unsr-

301 1413 475 1458 nuunrnn
499 1392 739 1460 Gouroarnus
762 1441 769 1456 .
790 1391 967 1460 Lambinus
989 1405 1024 1458 al
1044 1413 1110 1456 rnrr
1129 1395 1302 1481 perfectus,
1324 1391 1406 1478 quod
1506 1471 1507 1484 χ

302 1495 482 1562 sentcntiae
503 1495 583 1562 satis
606 1495 703 1561 lacit.
719 1493 805 1560 melo
820 1493 901 1578 hoc,
917 1495 1004 1578 quod
1026 1515 1049 1561 a
1069 1495 1186 1562 littoris
1208 1495 1343 1562 nimium
1363 1513 1406 1560 re

303 1597 418 1664 cedere
433 1597 558 1683 fatcor,
574 1616 671 1681 quarn
685 1597 797 1682 inepte
812 1596 940 1662 Marulli
956 1603 990 1662 et
1003 1596 1199 1664 Wakefieldi
1214 1603 1405 1680 cumcun,

303 1713 348 1766 eut
369 1701 468 1787 quusi
485 1725 543 1765 cur
562 1699 714 1786 peffectr's
724 1749 734 1783 ,
751 1712 796 1765 est
817 1701 878 1786 qns'
895 1722 967 1764 cum
986 1699 1160 1786 perfectus.

389 1802 462 1868 740.
483 1823 608 1874 nunus
630 1821 822 1866 consensu
845 1817 1035 1866 conruens
1056 1803 1309 1870 rrnur.1mmo
1324 1824 1405 1868 cou-

303 1926 437 1970 srusus
459 1906 622 1993 coumyia:
644 1909 730 1970 recte
752 1905 838 1970 euim
854 1903 1025 1971 Oreecbius
1047 1904 1280 1990 interpretatur
1301 1904 1407 1990 ‘neque
1506 1913 1507 1984 l

303 2008 349 2074 ita
370 2027 486 2094 corpus
509 2013 542 2073 et
563 2007 674 2073 anime
695 2006 913 2074 consentirent
934 2012 966 2072 et
984 2012 1090 2074 motus
1105 2009 1224 2076 vitulos
1247 2009 1313 2076 sibi
1333 2008 1406 2075 invi·

303 2129 372 2177 cem
394 2117 504 2176 mutuo
526 2110 727 2196 impertirent
738 2109 755 2171 .’

389 2212 462 2278 743.
488 2214 518 2278 A
544 2233 731 2278 recursus
753 2231 878 2276 nunus
899 2231 944 2274 ur
965 2231 1151 2276 sensurus
1172 2233 1300 2278 sevon
1320 2233 1406 2278 iacr-

303 2335 372 2379 ιιι
394 2335 512 2380 sarus
534 2363 543 2381 .
566 2315 604 2381 In
626 2315 768 2399 oblongo
791 2319 878 2380 recte
903 2312 1022 2379 laetum
1044 2313 1190 2380 radendo
1214 2329 1244 2382 ct
1263 2317 1405 2404 patrias.

303 2419 525 2504 grammatici,
552 2425 707 2504 qnantum
734 2423 893 2504 possunt,
921 2414 1051 2483 dativus
1078 2417 1231 2499 ingerunt
1254 2419 1284 2484 ei
1308 2417 1406 2486 vomui

303 2520 358 2604 qui
373 2520 457 2586 huuc
471 2521 638 2605 praecedit
653 2569 662 2604 ,
678 2527 714 2585 ut
728 2525 813 2585 certe
828 2518 932 2584 oratio
947 2519 1059 2604 aliquo
1074 2517 1249 2588 cohaereat
1263 2520 1405 2587 uinculo.

239 2611 240 2614 '
303 2621 362 2688 sed
384 2642 449 2689 non
472 2631 522 2690 est
543 2624 577 2689 in
601 2643 642 2690 ea
662 2623 823 2690 sententie
838 2622 1026 2706 Lucretius,
1048 2627 1084 2687 nl
1104 2621 1301 2690 animalibus
1324 2621 1405 2702 duri,

302 2725 364 2790 boe
378 2730 427 2791 est
441 2727 633 2810 monstrari,
655 2750 676 2791 a
687 2726 835 2812 punine
849 2724 1038 2790 violentiam
1052 2722 1163 2790 dolum
1177 2725 1292 2809 lugam
1307 2721 1405 2792 existi·

302 2833 386 2913 met,
402 2828 495 2913 quasi
516 2827 672 2894 imitando
695 2835 728 2894 et
749 2826 964 2894 adsuetudine
985 2845 1091 2892 mores
1113 2833 1287 2911 parentum
1308 2823 1404 2911 expri-

302 2936 409 2996 mant.
435 2931 544 3016 itaque
570 2931 746 2998 rectissimo
767 2928 894 2996 ‘noetus
917 2928 1079 3014 quidam,
1103 2930 1193 2996 cuius
1217 2949 1335 2997 nomen
1356 2946 1405 2992 cur

302 3033 477 3098 Lambinus
493 3031 675 3106 dissimulet
688 3033 820 3117 nescio,
843 3033 929 3099 huuc
950 3053 1078 3101 versum
1097 3032 1239 3099 alienum
1255 3049 1329 3098 osse
1343 3046 1404 3094 sus·

301 3136 426 3221 picotus
448 3141 527 3201 est.
556 3142 692 3220 apparet
717 3135 803 3201 enirn
830 3154 903 3202 eum
930 3136 984 3221 qui
1011 3135 1092 3202 haec
1115 3133 1247 3221 scripsit
1272 3129 1404 3200 Lucretii

302 3238 493 3305 sententiam
515 3237 672 3304 irridere:
694 3239 784 3304 nullo
807 3237 902 3303 modo
916 3287 925 3324 ,
940 3239 1063 3324 inquit,
1079 3237 1177 3304 animi
1192 3237 1319 3304 somine
1339 3251 1403 3299 euru

302 3359 437 3424 corpore
459 3340 554 3406 simul
569 3347 735 3424 noscunt,
759 3341 818 3408 aed
834 3340 983 3407 leonibus
997 3339 1151 3407 violentia
1173 3345 1205 3406 et
1227 3338 1321 3406 dolus
1342 3335 1403 3401 vul-

301 3441 395 3528 pibus
411 3467 433 3507 a
443 3443 591 3530 patribus
606 3443 722 3526 dutum
743 3456 771 3508 et
785 3461 952 3510 nervorum
965 3445 1097 3532 patrias
1104 3466 1212 3531 pauor
1234 3441 1279 3507 nd
1301 3438 1403 3521 fugam

300 3545 412 3611 iaudat
433 3557 523 3610 artus
545 3545 726 3629 pullorum.

388 3645 461 3713 747.
484 3669 557 3712 eun
580 3668 754 3712 cosroen
778 3668 875 3712 roro
891 3695 899 3714 .
916 3647 968 3713 Ile
982 3647 1180 3734 quadratus:
1195 3646 1357 3730 oblongus
1371 3647 1401 3708 el

302 3747 408 3814 Italici
429 3773 499 3815 cum
521 3773 651 3836 corpere
672 3773 795 3837 quoquc
810 3797 818 3816 .
834 3764 894 3816 toto
909 3749 1069 3836 praetuli,
1092 3749 1169 3834 quia
1190 3769 1256 3814 non
1278 3765 1400 3834 possum

300 3851 402 3917 ullum
431 3859 533 3918 artem
560 3871 739 3936 agnoscere
771 3854 805 3918 in
832 3853 929 3920 simili
960 3853 1021 3919 hoc
1052 3852 1147 3917 trium
1177 3850 1399 3918 versiculorum

302 3953 410 4038 exitu,
433 3957 640 4043 ubycumque,
663 3957 855 4042 seminioque
866 4006 875 4040 ,
898 3977 1028 4044 corpore
1049 3977 1194 4042 quoque.
1214 3971 1280 4020 non
1301 3953 1399 4037 potest

301 4055 569 4138 eutemldubitarl
596 4056 673 4142 quin
699 4064 835 4142 utraque
858 4059 1018 4144 scriptura
1039 4055 1190 4122 fueritin
1213 4055 1397 4140 mobetypu.

387 4157 458 4226 759.
482 4161 656 4232 Duuruuu
678 4180 727 4225 ur
744 4209 751 4226 .
767 4161 859 4226 Hunc
879 4179 1009 4227 versum
1028 4159 1158 4225 rubrica
1177 4165 1209 4226 et
1223 4157 1334 4224 litteris
1348 4173 1397 4220 nu

300 4259 437 4328 cialibus
459 4261 613 4348 scriptum
635 4261 733 4328 hebet
753 4263 937 4349 oblongus,
961 4262 1137 4346 quadratus
1163 4261 1280 4328 omittit
1300 4255 1395 4344 spatio

300 4383 420 4448 magno
442 4364 555 4430 relicto
585 4365 618 4428 in
645 4385 709 4448 quo
736 4363 915 4432 rubricator
937 4365 998 4431 boe
1018 4366 1112 4450 quusi
1134 4365 1308 4450 capitulum
1327 4357 1396 4425 scri·

300 4464 412 4532 beret.
428 4464 515 4532 idem
530 4467 563 4532 in
578 4463 640 4534 boc
654 4466 736 4532 libro
752 4465 906 4556 deinceps
921 4467 1052 4556 saepius
1068 4466 1187 4534 leonum
1202 4473 1269 4552 est,
1285 4461 1395 4531 seilicet
