2996 5148
539 403 722 446 sununsmo
1144 385 1181 447 ll

95 577 148 622 non
167 555 259 622 facile
278 574 413 639 usquam
428 557 529 622 multo
547 574 644 639 quam
659 575 719 638 ego
736 555 872 621 dixerim
887 557 961 641 plus
984 555 1183 621 auctoritatis

94 659 185 726 111111
200 657 438 744 exemplaribus
452 659 572 724 nostris
584 657 835 742 antiquissimis,
852 664 927 742 aut,
943 660 972 725 si
987 657 1098 724 studia
1111 677 1184 724 mea
1295 737 1304 756 ι

93 761 262 828 examinare
274 761 392 840 velint,
406 760 520 828 eadem
532 761 731 846 exemplaria
742 760 848 828 denno
859 768 934 846 post
944 782 995 828 me
1004 761 1183 845 excutiant,

92 864 220 932 11111111
236 883 315 930 cura
329 869 361 928 et
375 863 499 931 intenta
514 865 679 931 oculorum
695 864 785 946 acie,
802 884 844 931 ne
859 864 943 931 forte
958 864 1064 950 prima
1086 882 1184 930 manu

92 969 198 1052 scripta
219 985 291 1034 esse
313 971 426 1052 putent
445 985 530 1050 quae
545 967 609 1033 sint
624 971 858 1051 correctorum,
881 987 964 1034 neve
979 967 1184 1052 pluraquam

91 1073 223 1158 isquem
246 1074 361 1134 notare
383 1069 543 1136 voluerint
564 1089 715 1154 peccasse
738 1076 924 1154 arguantur.

162 1176 275 1258 Itaque
302 1171 489 1238 recensendi
518 1191 650 1238 munere
678 1172 725 1238 ita
753 1172 880 1238 functus
908 1193 997 1257 sum,
1026 1181 1060 1240 ut
1085 1175 1184 1259 quod·

90 1297 212 1362 mmque
235 1275 355 1342 bonum
377 1281 410 1340 et
425 1295 536 1341 verum
559 1280 645 1341 esset
667 1281 722 1340 aut
744 1276 778 1340 in
800 1280 935 1358 unoque
957 1278 1068 1342 autin
1091 1279 1184 1344 alter-

90 1387 149 1446 utro
165 1379 296 1461 codice,
313 1378 346 1442 id
361 1377 432 1443 sine
447 1377 513 1442 ullo
529 1376 740 1444 dubitationis
755 1377 876 1444 indicio
892 1377 1097 1463 exhiberem,
1114 1400 1185 1446 ver-

88 1504 167 1548 suum
189 1486 296 1548 autern
319 1479 464 1546 ordinem
488 1499 579 1564 eum,
600 1499 663 1564 quo
686 1486 794 1546 essent
815 1501 837 1547 a
858 1482 1020 1548 ueteribus
1043 1481 1184 1549 librariis

88 1586 207 1671 scripti,
223 1582 365 1649 numeris
388 1582 546 1667 appositis
568 1583 746 1649 indicarem
761 1606 767 1648 :
784 1583 1041 1650 emendationem
1064 1587 1113 1652 his
1135 1607 1184 1652 re-

12 1759 13 1770 ,
88 1689 138 1754 bns
158 1686 316 1754 contineri
339 1683 513 1752 arbitratus
535 1704 627 1769 sum,
653 1686 791 1770 primum
812 1693 847 1752 ut
869 1707 982 1754 versus
1004 1709 1025 1754 a
1046 1688 1185 1754 librariis

12 1849 13 1864 ,
87 1790 199 1858 traiecti
223 1789 256 1853 in
279 1807 371 1852 suum
394 1788 498 1853 locum
521 1787 769 1872 reducerentur,
792 1788 878 1873 quod
900 1789 955 1855 ubi
977 1792 1105 1874 evenit,
1128 1812 1185 1856 nu·

12 1971 13 1974 η
87 1895 153 1960 neri
177 1911 251 1958 sose
272 1889 412 1956 namrali
427 1890 541 1956 ordine
555 1891 705 1975 excipere
720 1911 785 1957 non
800 1899 994 1978 potuerunt,
1010 1889 1127 1958 deinde
1150 1898 1185 1956 ut

86 1999 147 2082 ipsa
168 2013 321 2063 versuum
343 1991 523 2077 vocabula,
543 1993 597 2058 ubi
620 1993 672 2061 vel
687 1995 848 2078 perissent
862 1997 914 2063 vel
937 1995 1115 2079 depravata
1138 2014 1185 2060 es·

84 2106 167 2184 sent,
190 2101 345 2182 qnantum
361 2094 429 2162 fieri
444 2103 575 2181 posset,
598 2097 871 2183 reciperarentnr,
892 2099 937 2163 ita
951 2105 1058 2164 tamen
1073 2102 1108 2161 nt
1122 2097 1185 2162 sin·

84 2205 152 2286 gula
174 2200 219 2268 ad
242 2195 388 2265 codicum
402 2197 497 2265 fidem
512 2199 635 2283 scripta
649 2219 720 2266 eum
735 2201 873 2284 siugulis
888 2200 1184 2266 commentariorum

83 2303 244 2391 particulis
261 2299 535 2386 praefigerentur,
551 2310 617 2370 tum
632 2302 665 2368 in
680 2303 751 2370 imis
767 2305 895 2389 paginis
911 2304 1087 2369 carminum
1111 2323 1184 2370 enu-

83 2412 296 2476 1111111111.

159 2509 300 2594 Operam
321 2525 398 2572 vero
423 2507 597 2573 maximam
620 2527 756 2594 eamque
771 2509 850 2576 satis
867 2509 1068 2576 fastidiosam
1090 2508 1183 2593 posui

85 2614 111 2678 in
131 2613 238 2699 primo
262 2607 498 2674 emendationis
521 2611 674 2695 cuiusque
697 2617 829 2678 auctore
844 2611 1093 2695 investigando:
1109 2629 1183 2676 nam

86 2719 152 2798 quis
173 2731 332 2798 quemque
354 2716 481 2777 secutus
503 2719 607 2796 esset,
630 2713 743 2798 quisve
764 2715 829 2782 alio
852 2721 995 2800 tempore
1018 2713 1104 2780 idem
1126 2733 1184 2798 per

84 2838 114 2884 11
127 2817 282 2899 vidisset,
304 2833 368 2879 non
383 2833 482 2898 saepe
497 2815 628 2900 curavi,
645 2817 709 2882 nisi
724 2817 757 2882 in
772 2817 1042 2884 mirabilioribus.
1064 2836 1140 2899 ergo
1156 2815 1184 2880 si

85 2919 204 3004 qnando
228 2917 432 2984 librariorum
448 2936 562 2984 manus
578 2939 690 2986 avere
705 2919 876 2986 aberrasse
891 2920 1090 3006 apparebat,
1110 2926 1185 2984 anto

86 3023 189 3090 omnia
210 3020 360 3107 quaesivi
381 3019 536 3104 numquid
563 3020 676 3087 melius
703 3020 846 3088 adferret
871 3037 1078 3089 comoedorum
1106 3027 1184 3087 aaa·

85 3127 269 3210 cubamus,
285 3125 341 3208 qui
357 3123 488 3190 saeculo
504 3142 590 3189 nono
607 3122 749 3190 codicem
766 3124 941 3210 oblongum
957 3126 1184 3210 interpolavit.

84 3247 102 3292 a
121 3247 182 3312 quo
204 3228 233 3293 si
256 3225 337 3293 nihil
358 3226 562 3307 rettuleram,
578 3225 678 3291 multo
694 3226 789 3311 plura
804 3227 891 3294 bona
905 3236 937 3296 et
952 3229 986 3295 in
1001 3229 1052 3294 his
1075 3229 1184 3312 exqui-

84 3331 229 3397 sitissima
258 3349 323 3396 non
351 3347 458 3414 pauca
479 3328 696 3414 praebuerunt
717 3344 904 3396 causatores
931 3330 1106 3418 quadrati.
1134 3330 1184 3396 bis

87 3439 186 3500 aetate
200 3451 261 3519 par
277 3438 310 3500 et
324 3432 359 3498 in
374 3430 569 3498 emendandi
585 3430 692 3497 officio
714 3433 812 3517 paulo
836 3434 1031 3499 constantior
1053 3433 1183 3500 1111111-

85 3537 179 3602 maios
201 3534 506 3618 11αηῖ1111111
534 3532 629 3600 buius
657 3540 768 3600 auctor
790 3536 914 3618 Italae,
937 3536 990 3620 qni
1014 3534 1185 3602 manifesta

86 3637 157 3704 vitia
178 3639 309 3706 sustulit
323 3639 511 3703 innumera:
528 3636 647 3703 habent
662 3637 760 3702 etiam
775 3637 909 3722 propria
923 3637 1083 3722 quaedam
1099 3638 1185 3704 bona

86 3741 151 3807 olim
162 3741 313 3829 1111111111
325 3788 332 3803 .
345 3739 404 3805 sed
419 3737 561 3804 omnium
577 3738 685 3805 studia
700 3757 771 3803 eum
787 3740 917 3822 ingenio
934 3747 999 3806 tum
1014 3741 1185 3824 diligentia

86 3843 171 3928 louge
197 3842 364 3930 superavit
390 3840 548 3906 blicbabel
575 3841 737 3906 Marullus
749 3891 758 3925 ,
788 3847 859 3907 ortu
881 3843 1045 3928 Graecus,
1068 3843 1127 3910 sed
1151 3844 1184 3908 in

86 3945 484 4027 aestumatissimus,
514 3944 569 4027 qui
593 3963 665 4010 cum
686 3963 723 4010 se
745 3944 819 4010 totis
843 3945 965 4012 viribus
988 3946 1022 4011 in
1045 3946 1183 4012 Lucretii

88 4045 241 4129 ingenium
261 4054 294 4114 et
313 4055 415 4114 artem
435 4046 649 4130 insinuasset,
667 4045 700 4112 in
716 4047 784 4112 eius
801 4048 996 4115 carminibus
1011 4048 1184 4115 emendan-

12 4199 13 4202 ,
88 4143 132 4211 dis
151 4150 247 4216 mrdto
270 4149 342 4234 plns
365 4148 525 4236 praestitit
550 4167 647 4231 qnam
674 4155 747 4233 post
770 4169 841 4214 eum
865 4151 916 4216 vel
939 4149 1120 4217 doctiores.
1141 4150 1183 4216 ab

89 4245 171 4315 buius
191 4272 294 4337 prope
317 4253 501 4318 Volaterras
524 4251 558 4315 in
581 4249 699 4316 Ceoina
721 4250 817 4318 fluvio
846 4253 975 4320 interitu
998 4274 1084 4320 anno
1107 4252 1185 4319 dno·

89 4347 201 4419 decimo
223 4355 337 4421 Petrus
360 4351 524 4422 Candidus
545 4351 726 4420 Lucretium
753 4353 796 4421 ab
825 4375 864 4421 eo
893 4356 1096 4422 emendatum
1119 4357 1184 4421 edi-

91 4448 148 4539 dit,
162 4455 350 4542 imprcssum
365 4453 549 4524 Florentiae
569 4455 748 4540 sumptibus
772 4456 913 4543 Philippi
935 4458 1075 4524 Giuntae
1097 4477 1183 4522 anno

95 4553 455 4642 intemeratarum
483 4557 572 4622 euius
599 4557 749 4624 editionis
777 4559 942 4646 exemplar
970 4559 1010 4626 ab
1039 4557 1183 4626 Iohanne
