3110 5146
252 347 534 415 ·320'
752 347 892 438 ,v

325 537 422 584 mann
445 519 535 602 bibo,
551 519 621 584 lact
630 513 818 584 'comentem
834 516 895 590 hoe
909 517 1013 604 ipsum
1029 518 1099 585 laet
1117 518 1264 586 librarius
1279 519 1417 604 quadrati

324 619 491 687 exhibuit:
508 625 669 686 corrector
692 619 767 688 lecit
788 621 877 687 tude.

409 723 483 790 933.
506 743 619 788 cunvr
639 743 867 788 nonnusron
888 744 1021 790 eninr.
1036 723 1260 814 Antiquissimi
1276 728 1419 792 correcto·

323 847 375 894 res
397 843 557 890 urerer:
1140 851 1146 862 ·

408 927 480 995 934.
504 947 622 992 ranno
645 948 860 993 uonunnrnu
881 949 980 993 seve
994 977 1002 994 .
1018 927 1185 996 Corrector
1204 929 1332 1014 oblongi
1353 929 1420 995 mcl-

324 1031 436 1098 lirior-
451 1029 629 1096 liriniensis
651 1029 755 1096 editor
778 1039 815 1096 et
832 1031 988 1098 Marullus
1009 1052 1212 1098 monimen.

331 1213 333 1216 ¹
409 1133 482 1200 935.
505 1153 709 1198 vrneurru.
726 1133 951 1218 Antiquissimi
974 1143 1170 1202 correctores
1192 1155 1394 1200 rrnuuurs.

410 1237 483 1304 937.
506 1255 640 1300 rrrnnns
654 1256 875 1322 nnnnunur,
892 1257 995 1308 onon
1011 1257 1129 1302 rrnns
1141 1257 1354 1302 censensu.
1369 1236 1423 1302 De

325 1339 416 1406 deur
437 1337 522 1424 apud
539 1337 738 1404 Macrobium
758 1337 884 1406 Saturn.
902 1359 944 1424 vr,
959 1341 997 1424 1,
1013 1340 1123 1424 itaque
1146 1338 1307 1424 oblongus
1328 1339 1424 1424 prima

324 1461 446 1508 manu.
469 1441 587 1508 deinde
614 1461 784 1506 urrunnu
808 1441 990 1508 Macrobius
1017 1447 1050 1508 et
1075 1445 1236 1510 corrector
1264 1441 1424 1528 quadrati,

324 1546 399 1612 item
420 1544 580 1625 Antonius
602 1543 809 1610 Florentinus
823 1593 830 1608 .
845 1563 920 1610 mox
938 1544 1089 1630 placarat
1110 1545 1198 1630 apud
1217 1545 1424 1612 Macrobinm.

409 1646 481 1714 941.
506 1647 677 1714 Anvrrs.
701 1645 755 1713 Sic
785 1645 899 1712 iterum
926 1651 1052 1714 veteres
1081 1637 1277 1714 uersu965:
1299 1655 1425 1732 utroque

323 1751 394 1818 loco
417 1753 583 1844 correctior¹
600 1748 733 1833 oblongi
756 1747 831 1814 lecit
852 1749 986 1817 arbuta.
1002 1747 1063 1816 hoc
1083 1768 1201 1817 numen
1224 1770 1283 1836 per
1304 1752 1320 1816 ι’
1337 1749 1425 1834 scrip·

325 1860 392 1920 tum
414 1872 479 1918 non
501 1849 615 1918 videor
630 1850 707 1916 milri
730 1849 870 1934 legisse:
886 1849 945 1916 scd
960 1850 1098 1919 fortaem
1116 1873 1181 1919 non
1196 1853 1278 1919 satis
1293 1849 1425 1928 abundi,
1453 1891 1458 1900 ·

324 1963 357 2024 et
370 1954 551 2041 improbum
566 1951 649 2020 duco
664 1954 762 2038 talia,
779 1971 850 2018 eum
866 1953 985 2020 nemini
1005 1960 1162 2038 noceant,
1178 1955 1277 2021 tacite
1292 1960 1425 2036 mutare,
1531 1953 1532 1958 ’

324 2057 413 2142 quod
436 2056 579 2126 fecerunt
601 2055 653 2122 hic
675 2055 815 2122 editores
837 2053 931 2122 huius
953 2062 1069 2142 poetro
1090 2059 1256 2124 universi.

281 2175 284 2182 ⁴
411 2158 485 2226 944.
508 2157 662 2224 Pennus
688 2179 778 2222 uren
806 2178 938 2223 runrr.
960 2157 1030 2226 Hoc
1062 2159 1242 2226 absurdum
1269 2165 1340 2244 est,
1363 2177 1427 2226 cum

324 2281 429 2347 neque
461 2261 603 2345 gramtm
629 2261 751 2328 olentis
776 2280 882 2346 neque
907 2262 1057 2328 necantia
1089 2281 1193 2346 neque
1227 2281 1270 2328 ex
1297 2263 1428 2328 humana

324 2384 421 2432 carne
442 2363 544 2450 petita
558 2361 779 2448 intellegenda
800 2364 884 2429 sint.
900 2363 943 2430 ad
966 2384 1033 2432 rem
1056 2363 1179 2431 iaciunt
1199 2364 1297 2432 unice
1312 2363 1429 2432 Petale

324 2489 443 2552 nunu,
459 2473 494 2532 ut
515 2465 644 2551 scripsit
666 2466 870 2550 Naugerius.
1195 2469 1202 2482 “

410 2569 483 2636 945.
507 2569 560 2634 Ar
582 2589 725 2632 suusne
749 2589 873 2634 errrrr.
896 2567 953 2635 *ld
977 2569 1064 2656 apud
1087 2570 1289 2662 Macrobium
1310 2571 1428 2637 Saturn.
1530 2643 1531 2670 ¹

324 2669 523 2757 v1‚1‚quod
545 2671 599 2755 qui
623 2675 679 2737 aut
700 2670 902 2738 librariorum
929 2679 1094 2758 peccatum
1121 2692 1193 2739 esse
1216 2673 1385 2754 dixerunt,
1399 2675 1429 2734 ut

325 2771 547 2840 Wakefieldus
561 2822 569 2854 ,
585 2779 641 2864 eut
662 2791 733 2838 cum
754 2773 851 2840 Gcrh.
866 2773 934 2840 lob.
951 2773 1067 2842 Vossio
1089 2773 1284 2840 infinitivum
1301 2793 1370 2840 cum
1391 2769 1430 2838 cd

323 2876 564 2964 praepositione
598 2875 800 2942 coniunctum
834 2875 1001 2943 serendum
1038 2877 1246 2962 iudicarunt,
1271 2877 1428 2958 orthogrc

324 2981 421 3066 phiec
444 2979 596 3063 antiquae
618 2979 755 3064 turpiter
777 2979 917 3065 imperiti
940 2973 1109 3048 fuerunt.'

410 3084 482 3150 946.
506 3103 700 3146 unonnsus
723 3103 841 3152 nourr
863 3080 1111 3148 (luunrcrrsrr
1133 3103 1154 3147 n
1177 3103 1221 3146 τε
1243 3097 1427 3146 srrrrrrrrr

346 3207 464 3251 sucus
486 3206 685 3250 rnnsnurr.
708 3183 769 3250 llic
792 3184 949 3250 Lambiuo
977 3185 1058 3252 duce
1084 3183 1171 3252 docti
1198 3184 1347 3252 homines
1368 3182 1429 3248 fero

325 3291 372 3356 ita
392 3287 594 3368 iudicarunt,
610 3288 792 3354 Simeonem
814 3287 945 3354 Bosium
967 3285 1144 3354 rectissime
1166 3307 1185 3354 e
1207 3293 1319 3354 vetere
1340 3283 1428 3367 scrip

325 3400 398 3458 ture
420 3391 542 3457 eruisse
565 3389 731 3458 Oburr’citac
752 3409 871 3474 nuru,
894 3390 998 3456 donec
1023 3395 1134 3456 nostro
1156 3393 1303 3476 tempure
1326 3388 1427 3456 Albcr·

324 3501 375 3560 tus
397 3492 578 3576 Forbiger,
601 3491 754 3560 Orellium
777 3499 908 3576 umen,
931 3491 1051 3578 nequid
1078 3493 1148 3578 ipse
1170 3493 1293 3559 audere
1315 3489 1428 3559 videre

324 3603 400 3688 tur,
423 3595 484 3661 hcc
507 3601 583 3660 ante
604 3614 641 3660 sc
655 3594 776 3662 dixisse
798 3601 957 3680 testatus,
980 3594 1187 3662 chricdundi
1204 3595 1341 3662 'verbum
1362 3592 1427 3658 ‘nun

325 3698 411 3764 omni
434 3697 538 3764 solum
553 3697 745 3764 auctoritate
766 3697 917 3782 destitui,
933 3696 990 3764 sed
1014 3698 1112 3765 etiam
1132 3697 1308 3782 analogiae
1323 3695 1426 3764 adver
1529 3687 1530 3710 ¹

228 3879 232 3884 ¹
324 3799 423 3882 nari’,
447 3799 646 3866 confidenter
671 3801 918 3884 pronuntiaret:
942 3821 1007 3887 qua
1035 3797 1222 3866 tortitudine
1248 3800 1371 3866 seilicet
1388 3793 1426 3860 ud

324 3901 455 3968 leudem
471 3901 592 3986 ingenii
614 3909 819 3985 grassaretur
833 3910 865 3968 et
887 3901 930 3968 ad
946 3899 1201 3968 emendationem
1222 3898 1425 3986 pariendum,

325 4023 410 4090 quae
424 4004 488 4090 ipsi
503 4003 671 4070 ‘facillima
685 4009 737 4087 et,
754 4004 822 4070 tere
837 4004 975 4089 dixerit,
991 4002 1178 4086 certissima'
1192 4022 1265 4070 esse
1280 4003 1353 4072 risa
1366 4005 1425 4067 est.

326 4127 366 4175 ea
376 4115 483 4173 autem
496 4114 545 4174 ost
556 4105 649 4172 buius
663 4105 772 4190 modi,
794 4107 834 4172 Ut
848 4131 931 4172 nuuc
945 4108 1100 4173 montcbue
1115 4129 1132 4172 c
1145 4107 1271 4192 moguir
1285 4105 1427 4172 decursu

325 4219 427 4298 aquai·
440 4211 548 4276 Olaru’
563 4211 639 4276 citet
659 4209 722 4275 iate
736 4210 876 4276 sitientia
897 4209 1159 4298 secluseraram.
1176 4211 1425 4292 quocomnentc

325 4313 448 4380 nullum
464 4312 627 4392 infelicius
650 4311 786 4396 cogitari
801 4317 927 4397 potest.
943 4330 1019 4378 nam
1035 4311 1188 4379 decursus
1210 4328 1316 4395 aquae
1330 4323 1426 4394 neque

325 4419 401 4506 citat
423 4414 529 4500 feras,
545 4413 607 4480 hoc
629 4420 678 4482 est
699 4421 756 4480 aut
777 4415 820 4481 ud
840 4431 974 4481 ¹cursum
996 4413 1132 4498 inrugat
1151 4421 1209 4480 aut
1228 4413 1357 4479 nominc
1375 4427 1426 4493 ap

325 4519 448 4606 pellat,
463 4537 569 4602 neque
591 4517 699 4583 currus
726 4517 887 4600 quomodo
914 4515 1040 4584 dicatur
1066 4515 1327 4601 intellegozipse
1348 4511 1424 4579 enim
