3052 5144
301 409 342 475 28
857 405 871 468 1

301 578 345 641 711
370 577 402 640 17
425 577 561 642 77771117
584 583 729 640 naturam
754 583 788 640 ut
811 581 910 640 mutet
931 595 1061 654 eorum,

301 691 471 757 7711711171
494 711 534 756 ex
557 690 621 757 illis
643 692 763 776 poterit
784 709 837 755 777
860 709 933 756 7777
955 695 1083 765 creata,

302 827 367 870 non
389 805 556 890 77177777,
579 825 642 871 777
666 806 812 870 exanimo
835 826 906 871 cum
930 823 1084 889 corpore,
1108 811 1143 869 nt
1164 806 1282 871 arbos:

230 942 279 988 777
306 920 425 1004 quippe
448 939 536 984 suam
562 919 698 1002 quicque
720 919 754 983 iu
777 925 869 984 coetu
892 920 1047 984 variantis
1069 921 1175 984 acervi

303 1041 448 1099 naturam
472 1035 639 1108 ostendet,
662 1035 843 1116 mixtusque
865 1033 1025 1099 videbitur
1050 1041 1105 1098 777

304 1169 375 1214 cum
397 1155 481 1214 terra
503 1149 598 1215 simul
621 1154 719 1229 atque
740 1147 837 1212 ardor
858 1167 929 1214 oum
952 1169 1024 1213 rore
1045 1167 1195 1214 manere.

303 1269 337 1328 at
358 1262 533 1348 primordia
555 1261 729 1348 gignundis
751 1263 783 1326 in
806 1263 894 1328 rebu’
916 1269 1081 1328 necessest

304 1383 449 1441 naturam
473 1375 704 1444 clandestinam
725 1395 917 1459 caecamque
940 1376 1117 1460 adhibere3

231 1513 280 1558 777
307 1493 447 1558 emineat
468 1490 606 1573 nequid,
631 1492 717 1573 quod
739 1497 848 1556 contra
870 1497 991 1575 pugnet
1013 1497 1045 1556 et
1068 1491 1171 1555 obstet

306 1625 369 1688 quo
392 1606 496 1684 minus
519 1625 593 1672 esse
614 1611 711 1688 queat
732 1606 861 1690 proprie
884 1607 969 1688 quod
993 1625 1129 1688 cumque
1152 1612 1298 1671 7777177.

350 1719 433 1796 Quin
456 1720 554 1790 etiarn
576 1725 726 1804 repetunt
747 1741 767 1784 a
790 1720 879 1786 77717
903 1727 999 1803 atque
1021 1722 1152 1803 ignibus
1173 1720 1263 1796 eiua,

306 1839 338 1900 et
359 1834 496 1919 primum
518 1834 638 1900 1771771
660 1834 767 1916 ignem
791 1853 826 1900 se
849 1841 973 1901 vertere
995 1837 1027 1900 in
1050 1855 1147 1900 auras

306 1949 409 2033 acris,
434 1949 507 2013 17177
529 1949 661 2014 imbrem
684 1949 795 2031 gigni,
818 1957 999 2032 terramque
1022 1950 1123 2016 creari

233 2085 281 2132 777
307 2084 347 2129 ex
368 2064 482 2141 imbri,
506 2068 655 2146 retroque
679 2071 805 2130 717777
827 2071 941 2130 cuncta
964 2065 1096 2140 reverti,

307 2198 448 2244 umorem
472 2178 629 2262 primum,
652 2185 843 2262 77717777,
867 2179 983 2244 deinde
1007 2181 1167 2262 77177777,

307 2312 366 2357 777
388 2311 515 2359 7777777
535 2291 615 2358 17777
637 2292 720 2358 17177
743 2313 778 2358 77
800 2299 944 2370 mutare,
968 2313 1075 2359 meare

307 2429 326 2472 a
350 2408 439 2472 caelo
462 2407 504 2472 ad
526 2415 662 2484 terram,
685 2407 726 2472 de
748 2414 835 2473 terra
858 2408 901 2472 ad
923 2407 1030 2474 7171777
1052 2408 1181 2473 mundi.

308 2522 394 2605 (quod
416 2522 525 2588 177777
547 2522 633 2587 177771
655 2523 720 2588 7117
743 2523 860 2588 debent
882 2522 1058 2608 primordia
1080 2529 1198 2609 pacto.

233 2659 282 2705 roo
307 2637 502 2702 immutabile
524 2635 610 2702 enim
633 2637 787 2718 quiddam
810 2656 964 2722 superare
986 2646 1169 2713 777777771,

307 2772 346 2817 77
368 2772 420 2818 777
442 2752 484 2818 771
507 2752 608 2816 nilum
630 2751 817 2837 redigantur
839 2752 982 2820 funditus
1005 2773 1137 2819 omnes:

307 2888 379 2932 7777
403 2867 488 2951 qnod
512 2885 646 2949 cumque
670 2867 736 2933 suis
757 2873 912 2933 ruutatum
935 2869 1052 2934 tinibus
1075 2870 1159 2953 exit,

306 2983 454 3054 continuo
478 2982 538 3050 hoo
559 3002 646 3049 mors
669 2989 717 3049 771
739 2983 826 3050 illius
849 2985 935 3066 quod
958 2985 1133 3050 scitante.

307 3118 371 3181 qua
392 3105 520 3184 propter
543 3100 692 3182 quoniam
717 3118 801 3180 «quae
826 3101 925 3184 paulo
949 3099 1087 3165 diximus
1110 3107 1183 3164 ante

234 3233 282 3280 roc
306 3213 587 3279 incommutatum
612 3214 761 3298 veniunt,
785 3221 932 3280 77771777
954 3220 1121 3282 necessest

307 3347 347 3393 ex
371 3327 444 3393 71117
467 3347 529 3405 77,
553 3347 637 3409 quae
659 3335 822 3410 nequeant
844 3331 1021 3396 convertier
1044 3349 1201 3414 nsquam,

307 3463 348 3508 77
370 3443 426 3508 tibi
450 3462 502 3507 res
523 3441 657 3508 redeant
678 3443 720 3508 ad
743 3444 843 3508 nilum
867 3445 1010 3512 funditus
1034 3467 1163 3512 omnes.

307 3559 383 3642 quin
406 3557 514 3643 potius
536 3556 593 3621 1711
617 3564 734 3624 771777
756 3559 904 3644 praedita
927 3560 1084 3643 quaedam

308 3694 444 3759 corpora
465 3671 659 3756 constituas,
682 3675 790 3756 ignem
815 3675 841 3740 si
865 3675 946 3742 17717
971 3676 1127 3756 77777171,

233 3813 284 3859 aco
308 3809 405 3875 posse
430 3788 563 3864 eadem,
589 3787 725 3872 demptis
748 3790 862 3874 paucis
885 3791 1060 3874 paucisque
1082 3789 1229 3873 tributis,

308 3903 421 3970 ordine
443 3909 564 3966 mutato
587 3909 618 3966 et
640 3909 749 3987 motu,
778 3905 884 3970 177777
907 3905 990 3969 neris
1012 3923 1128 3989 77777,

313 4209 362 4257 777
382 4216 406 4257 71
429 4203 442 4276 11
469 4207 635 4258 7747717777
659 4209 671 4270 ,1
699 4206 1071 4276 7777717717717777177711
1099 4210 1147 4257 776
1167 4209 1279 4258 ostendit
1304 4205 1317 4274 11
1346 4211 1397 4256 777
1419 4220 1446 4258 et

309 4295 419 4358 quodam
438 4311 495 4344 oum
520 4293 532 4364 11
557 4309 677 4345 manare.
704 4293 717 4364 11
745 4298 793 4344 778
814 4305 930 4359 oportet.
956 4293 970 4364 11
998 4299 1047 4346 779
1066 4295 1252 4360 glandcstinam
1276 4294 1290 4364 11
1318 4299 1369 4346 780
1389 4297 1446 4348 De-

308 4383 403 4432 7717771
424 4379 437 4450 11
460 4385 505 4431 781
529 4391 642 4433 creatas.
664 4381 676 4450 11
699 4381 887 4452 7811777711
910 4387 958 4436 tat
979 4384 1031 4452 igni
1053 4381 1066 4452 11
1087 4383 1114 4432 in
1132 4391 1224 4440 1777777
1245 4383 1258 4452 11
1282 4385 1330 4434 789
1351 4383 1444 4441 facto.
