2996 5148
530 479 571 542 VI

34 649 124 713 timida
144 669 206 712 eum
230 650 309 714 caeli
335 650 509 715 scintillare
533 651 641 714 onmia
664 653 784 736 templa

34 771 163 828 renitentes
183 765 295 847 pavida
319 764 523 849 complebant
545 771 675 848 pectora
698 787 792 843 eura,

34 879 86 960 prid
105 879 252 944 moliretur
274 899 377 943 rerum
402 886 515 944 natura
537 901 711 945 novarum.

59 994 132 1057 lliere
152 993 203 1057 tibi
227 995 257 1056 in
281 995 378 1058 rebus
401 994 494 1058 latest
516 995 646 1076 alteque
669 996 840 1060 videndum

34 1109 147 1188 erlongo
168 1117 295 1174 eunetae
318 1109 351 1172 in
374 1109 474 1192 partis
498 1107 753 1194 dispiciendum,

33 1235 54 1284 nt
70 1223 262 1289 renriuisearie
280 1243 438 1288 summam
463 1245 567 1288 rerum
592 1243 664 1290 esee
688 1225 898 1308 profundam,

33 1347 51 1398 rt
66 1336 155 1402 rideas
176 1339 298 1403 eaelum
322 1339 458 1403 summai
481 1339 576 1403 totius
599 1359 697 1404 unum

32 1472 94 1532 pun
113 1454 148 1517 sit
168 1453 301 1538 parvula
326 1473 402 1537 pars
425 1461 456 1518 et
479 1473 572 1535 quam
597 1453 778 1518 multesima
801 1464 943 1529 eonstet.

33 1587 69 1630 neo
85 1575 139 1632 tota
159 1589 252 1654 pare,
270 1557 368 1633 horno
390 1569 485 1633 terrai
511 1573 610 1649 quota
632 1569 729 1633 totius
753 1589 855 1635 unus.

31 1683 87 1760 «qnod
106 1683 177 1748 bone
199 1684 400 1767 propositum
422 1683 448 1746 ei
474 1684 569 1765 plane
593 1689 765 1748 contueare

32 1816 53 1858 ur
69 1797 160 1863 rideas
181 1799 299 1883 plane,
319 1799 423 1862 mirari
449 1799 546 1862 mulla
570 1795 752 1879 relinquat.

18 1913 137 1993 tuumquia
158 1916 239 1978 enirn
265 1921 408 1978 nostrum
432 1913 583 1995 miratur,
600 1911 701 1994 niquis
723 1912 754 1975 in
778 1919 863 1978 artua

34 2028 113 2110 repit
131 2029 230 2094 ealldo
254 2029 371 2094 febrim
395 2027 518 2092 fervore
542 2035 682 2093 coortam

37 2141 156 2206 antatium
179 2143 329 2226 quemvis
352 2143 453 2207 morbi
477 2161 534 2226 per
558 2144 698 2208 membra
720 2144 893 2208 dolorem?

43 2259 175 2336 qtugeseit
197 2259 285 2322 enim
311 2257 416 2321 subito
438 2275 517 2341 pes,
534 2257 644 2342 arripit
666 2279 742 2324 aeer

44 2372 195 2450 renuetur
218 2373 354 2455 dentes,
371 2373 482 2438 oeulos
504 2371 625 2436 invadit
647 2373 679 2436 in
702 2373 813 2456 ipseo,

17 2483 96 2546 leniuit
114 2507 199 2553 saner
222 2489 310 2574 ignia
332 2494 365 2552 et
385 2487 448 2550 urit
470 2505 603 2569 eorpore
627 2507 759 2570 serpens

35 2615 234 2686 utrocumque
258 2601 396 2687 arripuit
418 2601 551 2685 partim,
568 2601 712 2684 repitque
734 2621 791 2685 per
813 2608 920 2684 artus,

32 2707 49 2768 ni
64 2714 147 2781 ulrum
161 2770 169 2794 ‚
185 2720 265 2802 quia
288 2723 361 2783 eunt
383 2716 552 2780 multarum
576 2715 699 2781 semina
721 2737 849 2799 rerum,

31 2835 46 2884 rt
61 2831 118 2894 satir
139 2833 218 2899 baee
240 2833 340 2898 tellus
363 2831 432 2897 orbi
455 2831 643 2912 caelumque
667 2831 740 2894 mali
765 2830 847 2914 fert,

30 2939 81 3006 trude
99 2953 187 3027 queat
209 2947 260 3012 rie
283 2947 429 3012 immensi
454 2963 657 3030 proereaeere
681 2945 802 3011 morbi.

28 3051 54 3114 air·
69 3057 147 3136 igitur
167 3061 225 3126 toti
250 3061 343 3127 eaelo
365 3067 531 3142 terraeque
553 3059 761 3145 putandumst

27 3185 49 3226 u
65 3169 168 3240 inlinilo
191 3176 276 3242 satis
299 3175 405 3240 omnia
429 3173 655 3260 suppeditare,

28 3282 81 3348 ude
100 3299 224 3374 repente
248 3295 349 3372 queat
370 3289 464 3354 tellus
488 3309 645 3355 eoneusea
667 3289 786 3354 moveri

27 3411 107 3479 prqno
127 3425 214 3471 mare
239 3423 281 3470 ao
302 3410 403 3470 terrae
426 3403 560 3498 rapidus
582 3423 765 3488 percurrere
788 3403 903 3478 turbo,

27 3505 79 3586 i{lis
98 3518 258 3584 abundare
281 3519 463 3594 Aetnaeus,
479 3516 695 3583 flammescere
718 3519 863 3584 eaelum:

27 3619 45 3683 {d
60 3649 168 3713 quoque
192 3635 279 3700 enim
301 3633 355 3716 lit,
373 3639 405 3698 et
427 3631 600 3698 ardesount
622 3631 773 3696 eoelestia
795 3631 934 3716 templa,

26 3748 245 3830 rttenpestates
267 3747 396 3832 pluviae
419 3745 567 3830 graviore
589 3753 699 3812 eoortu

26 3865 86 3934 unt,
101 3861 149 3924 ubi
171 3861 255 3928 forte
278 3861 324 3925 ita
345 3880 380 3926 aa
402 3861 572 3927 tetulerunt
593 3859 715 3925 semina
736 3880 913 3940 aquarum.

30 3975 50 4028 tl
66 3973 145 4041 nimia
167 3985 215 4042 est
237 3977 353 4058 ingene
373 3975 502 4041 ineemli
526 3973 671 4040 turbidus
694 3970 814 4039 ardor?

25 4081 128 4168 attinet,
142 4097 173 4156 et
192 4091 308 4156 fluriue
331 4089 436 4174 quivis
458 4096 507 4157 eet
529 4088 688 4156 maximus
709 4088 740 4151 ei

31 4357 261 4424 blepietenuum.
277 4357 290 4430 ll
311 4365 361 4412 653
374 4361 517 4426 propositus
538 4357 550 4427 ΙΙ
570 4359 640 4424 pleni
661 4360 674 4428 Η
696 4364 746 4412 658
760 4360 919 4411 Obturcerrcit
939 4356 953 4428 ΙΙ
974 4361 1024 4408 buu
1037 4359 1079 4421 qui
1095 4355 1108 4425 ΙΙ

42 4448 58 4486 ¹2⁵
75 4449 144 4496 morbi
164 4449 178 4520 ΙΙ
197 4455 247 4500 eet
268 4465 392 4506 concurso
413 4455 426 4522 tl
447 4453 498 4500 674
517 4449 560 4514 qui
580 4449 647 4501 vitoe

846 4541 910 4616 15*
