2996 5148
622 384 636 448 1
1163 384 1204 450 37

117 559 223 623 troiam
244 557 363 642 dobba.
380 559 554 622 coturnices
576 555 680 641 prima
701 555 801 637 longa
815 553 949 624 Plautus
972 561 1004 621 et
1019 554 1204 620 Lueretius:

116 663 184 726 aa
197 662 365 726 coturnices
380 658 537 740 Ovidius,
560 660 635 724 item
650 657 834 723 luvenalis.
851 661 965 724 vietam
980 657 1087 722 media
1105 658 1205 739 longa

116 763 288 846 Terentius,
311 761 499 844 Lueretius,
523 760 737 826 Prudentius:
760 780 842 825 unus
864 761 946 826 inter
969 779 1080 825 ornnes
1103 759 1204 824 Hora-

12 897 13 904 *
116 865 166 929 tius
180 863 347 943 Qar‘sador
357 865 468 928 alab.
484 863 618 944 radas,
634 862 721 945 qnod
733 869 782 928 est
793 862 958 927 asinorum
970 913 978 945 ,
991 863 1120 928 Persius
1132 881 1204 946 pro·

12 971 13 980 ’
115 966 192 1031 duxit
206 967 313 1050 solus,
330 966 427 1032 osteri
444 965 640 1049 eorripiunt.
657 965 703 1030 ita
717 965 869 1030 vacillare
891 983 990 1049 saepe
1011 966 1116 1049 prima
1138 983 1204 1028 eor·

12 1110 13 1133 ι
115 1076 193 1153 repta
206 1067 387 1150 laboratione,
404 1065 490 1132 idem
505 1068 604 1133 semel
621 1067 655 1131 in
667 1089 712 1150 ιιι,
724 1067 788 1133 504
805 1068 885 1132 Tura
900 1069 997 1152 quasi
1009 1067 1203 1132 vaccillans:

12 1170 15 1207 ²
115 1173 154 1236 sie
168 1172 207 1238 ibi
219 1171 425 1238 membranae
439 1219 447 1254 ,
465 1177 496 1236 et
507 1169 594 1255 apud
608 1169 747 1235 Nouium
764 1191 794 1252 p.
808 1169 869 1251 34,
886 1170 927 1234 23
939 1170 978 1234 27
992 1170 1162 1234 aaaar'llare
1173 1174 1205 1234 et

115 1275 303 1357 cavallana,
325 1272 410 1356 quod
427 1272 476 1354 si,
493 1282 529 1338 ut
542 1273 689 1353 videtur,
706 1290 727 1336 a
742 1295 837 1336 vacca
852 1270 971 1337 fantum
987 1279 1055 1354 est,
1072 1272 1106 1336 in
1123 1271 1202 1356 boe,

114 1385 142 1440 ut
156 1379 183 1442 in
198 1377 311 1443 Catillo
326 1377 397 1442 sive
413 1375 539 1441 Cattillo
555 1383 586 1439 et
601 1376 724 1456 Catulo,
740 1375 815 1438 item
832 1375 865 1438 in
880 1375 978 1461 offella
993 1381 1024 1440 ei
1038 1375 1203 1457 mamilla,

112 1486 311 1545 consonantes
334 1477 484 1559 variant,
508 1477 539 1541 in
563 1477 678 1542 ueteris
700 1477 831 1542 vocales
845 1525 852 1540 .
868 1477 1015 1542 similiter
1040 1478 1204 1542 Tristioaat

110 1605 192 1646 aureo
207 1580 368 1663 Catullus,
390 1580 634 1644 tintinnabulum
651 1578 691 1644 de
706 1579 800 1661 gallis
817 1579 941 1662 agyrtis
958 1579 1099 1644 Lucilius
1115 1577 1202 1662 apud

110 1684 237 1748 Nonium
246 1685 360 1768 paee,
374 1682 417 1746 24
424 1690 457 1748 et
470 1682 631 1748 luvenalis
644 1681 865 1762 trbtiaaabola,
883 1683 977 1746 tiaire
988 1682 1202 1746 Terentianus

109 1785 228 1851 Maurus
240 1785 325 1866 232,
342 1785 440 1850 aeteri
455 1787 592 1866 tranire,
612 1785 777 1850 Porsenna
793 1782 881 1866 apud
896 1782 1072 1864 Vergilium
1089 1782 1204 1848 Aenei-

107 1889 249 1966 dosvru,
277 1888 361 1970 646,
390 1887 417 1952 si
440 1885 553 1952 Servio
583 1893 614 1950 et
637 1885 789 1951 Medioeis
812 1883 1007 1950 membranis
1030 1883 1109 1950 tides
1132 1891 1201 1967 est,

107 1991 154 2072 qui
172 1989 278 2054 media
292 1989 382 2054 brevi
399 1990 543 2054 Porsena
558 1988 691 2052 Horatio
707 1987 788 2052 Silio
806 1987 966 2052 Martiali.
983 1986 1114 2052 nomina
1129 2005 1201 2070 pro·

106 2093 170 2177 pria
189 2092 330 2157 loeorum
352 2111 416 2156 uon
440 2092 616 2172 attingam,
641 2090 673 2153 in
697 2109 780 2173 qnae
796 2095 949 2172 quantum
966 2089 1054 2172 vulgi
1078 2089 1201 2154 mobili-

105 2196 157 2260 tati
178 2195 302 2260 licuerit
323 2213 416 2260 nemo
433 2194 581 2275 ignorat.
598 2192 658 2258 boe
673 2198 794 2258 tantum
811 2192 904 2272 dion,
929 2193 961 2256 in
977 2192 1049 2276 ipsa
1064 2192 1143 2256 urbe
1159 2190 1201 2258 de

104 2299 177 2363 lonis
208 2296 417 2362 nobilissimis
444 2295 623 2360 dubitatum
653 2314 725 2360 esse
746 2343 753 2358 .
775 2293 916 2359 Lueilius
945 2293 1032 2379 apud
1062 2295 1201 2360 Nonium

104 2421 130 2485 p.
145 2400 216 2482 462,
233 2400 274 2466 28
290 2399 398 2464 Oolua'
414 2399 567 2463 Palatsita
582 2397 732 2483 quidam,
748 2399 799 2462 vir
813 2421 874 2462 ιιοιι
890 2397 984 2480 (libri
1000 2399 1050 2462 alr
1069 2398 1203 2480 orabilis)

102 2505 186 2568 taaa'
207 2503 303 2584 bella,
325 2519 430 2585 neque
445 2501 539 2566 aliter
554 2519 689 2582 usquam
707 2499 889 2583 Vergilius,
907 2499 1077 2583 Horatius,
1093 2498 1201 2564 Tibul·

102 2605 169 2688 lus,
191 2606 395 2689 Propertius,
412 2602 568 2685 Ovidius,
592 2603 761 2684 Lucanus,
778 2602 990 2686 Calpurnius,
1014 2601 1200 2667 Petronius:

103 2707 180 2785 Quid
195 2708 302 2791 placet
323 2713 380 2772 aut
402 2706 477 2771 odio
493 2711 561 2787 est,
584 2704 670 2787 quod
686 2725 750 2770 nan
766 2705 921 2770 mutabile
936 2703 1078 2769 eredas?
1101 2704 1201 2770 Muta·

101 2811 142 2874 rit
156 2817 292 2896 mentem
308 2809 447 2894 populus
463 2809 566 2890 levis,
583 2815 615 2872 et
630 2805 780 2872 dixerunt
795 2807 926 2872 Palatia
941 2805 1038 2870 modo
1055 2812 1202 2892 correpte

100 2910 189 2976 modo
212 2910 370 2995 producte
393 2911 533 2992 Statius,
558 2909 677 2991 Silius,
701 2909 879 2992 Martialis,
903 2907 1066 2974 Iuvenalis
1080 2955 1088 2973 .
1104 2914 1201 2990 atque

100 3013 206 3078 eadem
229 3013 363 3078 mutatio
387 3012 473 3078 lanta
493 3018 542 3078 est
563 3013 596 3076 in
620 3018 728 3076 moute
756 3013 923 3093 Vaticano,
951 3011 1042 3077 euius
1063 3009 1201 3075 nominis

99 3114 267 3181 seeundum
284 3114 444 3199 syllabam
460 3115 612 3180 Horatius
636 3114 808 3198 corripuit,
832 3132 916 3196 uon,
939 3119 974 3176 ut
995 3112 1104 3196 inepte
1124 3111 1201 3176 dieit

100 3216 253 3300 Orellius,
277 3216 364 3301 quod
388 3215 421 3281 id
439 3237 460 3282 a
475 3219 635 3282 variatoris
650 3221 828 3300 repeteret,
852 3213 910 3279 sed
934 3214 1012 3298 quia
1034 3215 1131 3298 vulgo
1155 3216 1201 3282 ita

99 3318 244 3386 dibebant
258 3342 265 3384 :
281 3324 395 3404 postea
411 3318 568 3384 Martialis
585 3325 616 3384 et
631 3319 795 3384 luvenalis
811 3316 948 3383 eandem
962 3317 1123 3402 syllabam
1146 3337 1199 3382 ex-

98 3421 284 3488 tenderunt.
300 3421 358 3487 sed
374 3421 415 3486 de
430 3421 553 3507 Apulia
576 3427 608 3487 st
622 3421 740 3507 Apollo
763 3439 938 3504 numquam
953 3419 1134 3484 dubitatum
1151 3426 1201 3487 est

2 3580 3 3596 ,
99 3523 169 3608 quin
184 3525 290 3610 prima
305 3522 433 3608 syllaba
455 3523 666 3608 producenda
689 3530 796 3604 esset,
820 3524 930 3606 itaque
946 3521 1090 3588 Lucilius
1112 3522 1198 3607 apud

99 3627 222 3693 Festum
238 3648 269 3712 p.
282 3625 356 3706 313,
375 3625 412 3689 ll
437 3625 470 3690 in
492 3625 675 3691 hexametro
692 3625 855 3713 Apallrlea
868 3623 1002 3712 pedibas
1017 3626 1198 3692 stlembum.

2 3777 3 3782 η
98 3749 193 3812 qnare
221 3729 349 3794 indocte
376 3733 553 3813 provocant
578 3727 620 3793 ad
649 3723 892 3812 ambiguitatem
916 3727 1117 3812 propriorum
1145 3730 1198 3814 qui

2 3843 3 3846 ’
98 3832 126 3895 in
142 3831 267 3897 Horatii
290 3832 465 3896 carminum
488 3851 543 3913 ιιι,
566 3832 587 3894 4
609 3837 736 3896 tuentur
757 3849 887 3896 versum
903 3828 1090 3895 foedissimo
1106 3831 1199 3898 iuter·

97 3935 235 4018 palatum
250 3934 354 4017 buno,
372 3933 505 3998 Altrr'ais
521 3945 611 3998 astra
627 3934 722 4000 lr'mea
734 3934 874 4020 Apuliae
888 3982 895 3997 .
911 3951 1007 4018 porro
1023 3951 1117 3997 nemo
1133 3955 1198 3999 uur-

98 4056 188 4120 quam
204 4036 377 4124 Apalr'eam
399 4037 579 4123 pro-Apate
603 4035 705 4118 dixit,
729 4035 815 4119 quod
838 4035 1025 4120 perturbare
1048 4036 1198 4102 versiculi

98 4158 243 4204 numeros
265 4140 298 4203 in
316 4139 429 4204 eodem
445 4138 569 4204 Horatii
593 4139 675 4204 libro
691 4138 753 4220 24,
776 4138 915 4222 ldooti,
939 4143 1094 4222 quantum
1109 4139 1197 4223 snio,

98 4261 135 4304 ne
156 4240 453 4306 animadverterunt
474 4242 624 4324 quidem,
650 4241 846 4326 Tyrrhenam
868 4263 955 4305 oraora
977 4241 1040 4306 tals
1063 4255 1199 4308 almare
1316 4293 1319 4306 .

100 4344 287 4429 ripaticum.
303 4343 360 4407 ubi
381 4342 415 4406 id
438 4343 602 4428 exemplar
617 4348 709 4407 vetus
725 4343 816 4406 euius
832 4361 957 4407 summa
972 4351 1021 4409 est
1036 4343 1120 4408 inter
1134 4363 1197 4408 om·

98 4445 150 4509 nia
163 4445 359 4527 auotoritas,
385 4463 456 4510 eum
472 4446 545 4510 aliis
561 4445 640 4511 satis
656 4444 764 4508 multis
777 4492 785 4526 ,
802 4443 900 4510 babet
915 4469 1003 4510 mare
1015 4445 1196 4530 publicam.

99 4545 189 4630 idque
205 4547 407 4612 verissimum
423 4553 491 4614 est.
509 4549 587 4614 dioit
606 4547 690 4613 eninr
707 4546 891 4612 Maroiabus
909 4547 947 4610 1.
965 4546 985 4610 2
999 4553 1031 4610 st
1046 4547 1067 4610 4
1082 4565 1130 4632 pr.
1147 4546 1196 4611 D.
