3052 5144
387 424 428 488 88
925 415 973 480 111

311 611 360 657 aes
386 589 444 654 sed
466 587 557 670 quasi
580 587 699 652 amitae
721 587 769 652 vis
793 585 885 652 unius
908 586 1052 670 eorporis
1073 591 1203 652 extant.

387 702 472 785 quod
495 703 650 786 genesin
674 702 786 784 quouis
809 699 1005 765 animantum
1028 701 1151 766 viscere
1176 702 1269 785 volgo

387 825 435 884 est
457 817 538 884 odor
560 824 590 882 et
613 817 742 899 quidam
765 815 853 881 calor
875 821 907 880 et
929 835 1045 898 sapor,
1065 821 1096 880 et
1118 822 1226 880 tamen
1249 837 1288 882 ex
1311 815 1357 882 his

389 933 536 998 omnibus
559 938 608 998 est
630 952 726 996 unum
749 929 925 1015 perfeetum
948 909 1091 1015 eorporis
1114 949 1274 1012 augmen.

389 1047 435 1113 sio
458 1046 545 1112 calor
568 1053 665 1129 atque
687 1052 742 1110 ae'r·
765 1051 796 1108 et
818 1043 903 1110 venti
928 1064 1025 1110 caeca
1048 1051 1193 1129 potestas

314 1182 364 1228 aso
390 1161 490 1226 mixta
514 1166 622 1226 creant
643 1179 738 1226 urnam
762 1166 931 1238 iuraturum,
949 1163 980 1224 et
1001 1159 1131 1224 mobiiis
1153 1159 1209 1224 ilia

389 1275 457 1358 vis,
474 1275 586 1340 initum
610 1280 713 1340 motus
736 1275 777 1340 ab
801 1294 837 1339 se
860 1293 945 1354 quae
968 1273 1082 1338 dividit
1104 1273 1197 1352 eliis,

388 1389 527 1456 sensifer
549 1389 634 1456 unde
657 1391 755 1454 oritur
777 1389 910 1474 primum
935 1407 991 1472 per
1015 1389 1139 1453 viscera
1162 1393 1288 1454 motus.

390 1525 464 1570 uam
486 1505 612 1588 penitus
636 1523 781 1588 prorsum
806 1503 886 1568 latet
908 1503 988 1568 haee
1011 1509 1124 1567 natura
1147 1503 1338 1586 subestque,

391 1639 450 1684 neo
471 1619 578 1701 magis
600 1619 660 1683 hae
683 1617 770 1682 iufra
793 1618 963 1698 quiequam
987 1624 1034 1682 est
1056 1619 1087 1682 in
1110 1637 1245 1702 corpore
1269 1627 1391 1694 nostro,

315 1755 365 1802 275
392 1739 488 1816 atque
512 1733 619 1797 anima
643 1739 692 1797 est
714 1732 843 1797 animae
866 1753 1019 1816 proporro
1042 1733 1138 1796 totius
1160 1732 1252 1816 ipsa.

392 1848 477 1930 quod
501 1867 603 1930 genus
626 1847 658 1912 iu
682 1847 799 1912 nostris
822 1823 974 1914 ruembris
998 1852 1029 1910 et
1052 1865 1184 1930 corpore
1206 1853 1273 1914 toto

391 1965 490 2028 mixta
512 1962 615 2026 lateus
638 1961 733 2026 animi
758 1962 805 2026 vis
828 1969 877 2028 est
900 1962 1090 2043 animaeque
1114 1968 1277 2046 potestas,

391 2079 577 2162 corporibus
601 2077 675 2160 quia
698 2076 738 2142 do
761 2077 869 2160 paruis
892 2075 1066 2160 paucisque
1089 2085 1244 2142 oreatust.

390 2191 436 2257 sio
459 2191 515 2255 ribi
538 2191 675 2256 nominis
698 2190 778 2256 haee
802 2211 916 2275 expers
939 2190 1007 2274 vis,
1025 2191 1109 2258 faeta
1131 2193 1260 2258 minutis

317 2327 367 2376 aso
391 2306 596 2392 corporibus,
613 2307 692 2371 latet
714 2312 809 2388 atque
833 2307 958 2372 animae
982 2307 1073 2388 quasi
1096 2307 1191 2372 totius
1213 2308 1286 2393 ipsa

391 2427 576 2506 proporrost
598 2421 704 2486 anima
728 2429 758 2486 et
780 2421 959 2486 dominatur
982 2442 1116 2506 corpore
1138 2429 1224 2488 toto.

391 2536 550 2602 consimili
575 2537 698 2602 ratioue
722 2543 883 2602 necessest
905 2543 1018 2602 verrius
1041 2543 1073 2602 et
1094 2546 1149 2604 adr

393 2657 424 2716 et
446 2651 533 2718 eaior
555 2652 636 2718 iuter·
660 2673 695 2716 se
718 2653 846 2734 vigeant
869 2653 1039 2718 commixto
1062 2673 1119 2736 per·
1141 2659 1250 2732 artus,

390 2767 497 2850 adque
520 2767 593 2832 aliis
617 2767 703 2832 aliud
727 2767 829 2831 subsit
851 2767 954 2850 magis
977 2767 1199 2852 eminentque,

316 2902 366 2950 ase
391 2888 425 2946 ut
448 2881 601 2964 quiddam
624 2881 692 2948 fieri
715 2882 924 2947 videaturad
947 2883 1093 2948 ‹rurruibus
1116 2903 1232 2968 uuum,

392 2997 423 3060 ni
447 2997 535 3063 calor
557 3019 595 3063 ao
618 3005 732 3064 ventus
754 3017 897 3063 seorsum
921 3017 1128 3081 seorsumque
1150 3005 1294 3084 potestas

390 3111 475 3178 airis
496 3113 691 3180 interemant
713 3133 842 3180 sensum
865 3112 1055 3196 diductaque
1079 3115 1226 3181 solvant.

392 3231 440 3290 est
461 3229 577 3294 etenim
600 3229 689 3294 ealon·
712 3229 766 3293 iile
788 3228 917 3311 auium,
935 3249 1028 3310 quem
1050 3229 1165 3314 sumit,
1182 3231 1215 3295 in
1237 3231 1286 3296 ira

392 3361 461 3405 eum
485 3342 636 3408 fervescit
657 3349 749 3410 etex
773 3343 873 3408 oculis
896 3343 991 3408 nrioat
1012 3343 1138 3408 acribus
1162 3343 1280 3408 ardor:

317 3474 367 3522 aso
394 3463 443 3520 est
465 3475 506 3521 ea
528 3457 648 3540 frigida
672 3457 787 3540 multa,
805 3477 913 3524 eomes
936 3457 1133 3542 formidinis,
1151 3480 1248 3537 arura,

392 3589 476 3652 quae
500 3572 563 3636 ciet
582 3571 744 3638 horrorem
767 3572 918 3638 membris
941 3579 972 3638 ct
994 3573 1132 3638 concitat
1153 3581 1261 3638 artus:

394 3693 442 3750 est
464 3687 559 3751 etiam
583 3705 708 3768 quoque
732 3687 839 3770 pacati
862 3693 963 3752 status
986 3688 1070 3752 a'e'ris
1092 3688 1166 3772 ilie,

392 3807 522 3884 pectore
545 3800 717 3882 tranquiiio
742 3802 796 3882 qui
818 3802 851 3864 fit
873 3802 1024 3883 voltuque
1047 3822 1180 3868 sereno.

392 3914 449 3978 sed
472 3913 568 3980 calidi
591 3913 663 4000 plus
686 3922 734 3980 est
756 3916 819 3982 illis
842 3917 956 3999 quibus
979 3916 1068 3982 acria
1090 3916 1190 3982 eorda

317 4047 367 4095 noo
392 4027 610 4112 iracundaque
632 4049 722 4096 meus
745 4031 841 4096 facile
864 4031 1044 4096 effervescit
1065 4031 1098 4096 in
1119 4032 1188 4114 ira,

396 4307 446 4354 272
465 4304 605 4356 Seusiserer
624 4304 638 4374 Η
658 4309 709 4358 288
727 4309 805 4360 etiam
825 4305 838 4374 ΙΙ
859 4309 908 4358 ’289
929 4307 1049 4360 ferveseet
1069 4307 1083 4376 Η
1103 4309 1186 4359 aerius
1212 4305 1225 4380 ΙΙ
1252 4311 1303 4360 290
1321 4317 1344 4358 et
1365 4305 1378 4374 ΙΙ
1398 4303 1435 4352 29¹
1451 4295 1473 4344 ii'

398 4394 509 4446 concitat
529 4392 542 4462 Η
563 4396 613 4444 293
633 4395 736 4444 l‘ertorc
757 4393 770 4462 ii
791 4395 817 4444 iit
837 4395 879 4460 elui
