3036 5150
7 290 15 663 ι
629 401 661 468 11
1138 397 1197 465 102

178 575 247 641 537.
280 581 525 638 sueorusuus
552 589 793 635 nunnunuros
819 616 826 634 .
854 569 1007 634 Marullus
1034 569 1199 656 anquina-

107 703 167 744 nos:
177 677 258 744 idem
270 677 305 742 in
317 695 348 761 v,
359 675 442 742 1303
454 675 543 740 boves
556 673 645 738 luens
655 669 769 738 turrita
781 695 911 760 carpene
921 685 1015 738 tetros
1023 671 1198 759 Anpuima-

9 754 14 775 h
107 805 173 866 uos,-
188 780 241 846 ubi
263 792 385 844 taetras
408 776 612 843 seribendnm
635 775 758 841 dooebo
776 823 783 838 .
800 773 858 840 sed
880 777 1093 863 anputmonue
1114 777 1199 838 utro·

108 903 159 968 que
180 901 295 966 genere
317 879 513 946 servandum
536 887 604 963 est,
629 879 692 944 nisi
714 877 808 944 nobis
822 877 907 943 libet
915 877 1099 960 veteribus,
1122 876 1200 959 quid
1308 917 1312 924 ·

107 985 200 1050 dieers
215 983 406 1066 debuerint,
422 981 610 1066 praeeipere
626 1034 633 1048 .
651 980 835 1046 Priscianus
849 1000 881 1064 p.
898 979 960 1044 718
976 979 1051 1044 toea
1066 1003 1199 1064 manns,

10 1095 11 1098 ’
107 1089 187 1153 imas
199 1109 337 1170 maneas,⁸
352 1109 392 1150 ere
408 1109 470 1170 quo
485 1085 687 1176 eompoeitum
703 1085 771 1148 eius
786 1082 1024 1148 declinationem
1038 1083 1200 1168 sequitur,

108 1190 149 1255 die
158 1190 363 1270 centimanus,
376 1187 470 1251 buius
481 1187 675 1251 centimanus
686 1233 694 1249 .
706 1184 848 1252 nobilem
860 1183 1047 1268 scriptorem
1054 1184 1201 1249 Lueretio

110 1297 228 1376 excepto
243 1289 368 1355 nullum
384 1287 520 1370 cognovi
533 1337 541 1370 ,
554 1287 607 1370 qui
620 1285 688 1352 elin
699 1285 816 1352 dixerit
826 1305 922 1370 quem
937 1291 1024 1351 reete
1040 1290 1072 1351 et
1086 1291 1201 1369 quarto
1219 1291 1225 1304 ’

9 1453 15 1481 ἦ,
108 1413 173 1459 uusu
183 1394 394 1473 centimanus,
410 1393 640 1472 centimanum,
656 1391 863 1454 animasum:
876 1388 983 1453 minus
993 1387 1202 1472 probatorum
1223 1463 1229 1472 ,

8 1507 15 1557 ἓ.-
109 1501 172 1561 sunt
182 1496 380 1581 lonpimauus
391 1542 400 1575 ,
413 1493 622 1577 aequimanus
633 1540 642 1573 ,
655 1492 877 1576 aequimanum
888 1539 897 1574 ,
909 1490 949 1560 in¹
954 1490 1125 1572 glossariis
1136 1515 1201 1555 om-

108 1585 258 1680 dr'mauus,
280 1595 354 1662 Iulii
379 1593 591 1677 Obsequeutis
608 1594 667 1657 111
688 1593 800 1680 puelia
814 1592 1028 1678 quadrimona
1038 1641 1046 1675 ,
1070 1592 1146 1657 item
1161 1593 1202 1658 73

105 1703 190 1786 pueri
200 1695 423 1786 quadrupedes
438 1709 466 1761 et
481 1695 716 1782 quadeumones
731 1743 739 1759 .
761 1695 795 1760 iu
810 1695 946 1760 Arnobii
960 1695 1042 1760 libro
1056 1715 1081 1758 11
1095 1715 1126 1780 p.
1140 1695 1180 1760 97
1193 1743 1201 1777 ,

107 1801 151 1866 ubi
165 1809 211 1867 est
231 1823 295 1865 non
316 1798 456 1885 infantes
478 1797 534 1862 oud
556 1798 704 1863 uberibus
725 1809 860 1864 motu-um
882 1798 1077 1863 centenarios
1099 1793 1203 1882 lepitie

108 1901 231 1968 edidisse
252 1900 420 1987 sopitam?
441 1897 613 1982 legendnm
637 1898 784 1964 existimo
805 1901 1017 1966 centimanus.

177 2005 249 2071 541.
274 2023 376 2074 euru
397 2021 507 2066 runnu
529 2021 621 2064 ssro
634 2049 641 2065 .
655 1999 823 2067 Oorreetar
845 2000 994 2086 quadrati
1010 2007 1042 2067 et
1057 2000 1201 2066 Rrixisn-

9 2122 14 2167 t
108 2107 146 2172 sis
166 2105 263 2173 editio
286 2128 382 2192 quam
403 2123 541 2168 nuuun.

10 2264 15 2291 ,
179 2209 250 2276 543.
285 2208 356 2274 Gur
388 2227 526 2271 srurnrs
559 2225 657 2270 noro
691 2225 888 2270 rnnnnnunr
921 2227 977 2270 srn
1010 2225 1098 2270 onnr
1121 2255 1128 2271 .
1151 2206 1201 2272 su

9 2296 15 2360 ³
106 2312 269 2394 quadratus
292 2331 357 2378 oon
378 2309 495 2394 habet,
519 2309 609 2374 euius
631 2315 790 2375 eorreator
811 2307 889 2374 feeit
909 2333 971 2374 non
992 2310 1034 2374 sit
1055 2311 1091 2376 in
1112 2311 1199 2392 ordi,

10 2417 15 2497 ',
107 2433 200 2498 neque
215 2415 309 2479 aliter
324 2412 483 2478 Antonius
500 2412 614 2477 Marii:
637 2411 785 2496 impressi
800 2435 863 2477 non
877 2414 919 2478 sit
933 2413 968 2478 in
983 2413 1074 2478 orbe.
1090 2409 1200 2477 malim

10 2570 16 2602 ,
106 2535 215 2580 nunus
237 2517 280 2582 sit
301 2515 389 2580 orbi.

11 2606 15 2641 ²
180 2618 251 2685 547.
275 2616 424 2697 Qurrrn
437 2637 579 2680 nrsuru
596 2635 740 2680 suusne
756 2636 869 2680 oeunr
885 2663 893 2680 .
909 2618 967 2683 His
979 2615 1200 2684 Wakefieldus

107 2721 271 2786 Bentleinm
293 2719 363 2785 vitii
385 2727 494 2784 notum
518 2719 710 2804 apposuisse
725 2717 842 2802 resert3
856 2719 947 2785 anius
961 2721 1114 2786 iudieium
1129 2739 1200 2784 eum

8 2809 13 2835 ⁴
106 2822 154 2887 ille
174 2829 257 2888 reete
271 2821 461 2907 probasset,
479 2821 654 2906 Forbigsr,
670 2821 776 2906 ‘quum
790 2821 866 2888 libri
882 2842 992 2888 omnes
1008 2822 1087 2888 illud
1102 2822 1205 2887 oculei

106 2925 268 3006 tueantur',
285 2923 386 3008 inquit
401 2923 536 3006 (hebent
551 2931 658 2990 autem
681 2943 790 2990 onmes
813 2925 916 3010 ocuti,
938 2927 1041 2992 omisi
1059 2924 1200 3007 nullus),

5 3095 6 3106 ,
106 3026 191 3093 ‘nibil
213 3027 362 3112 equidem
384 3045 506 3093 novere
528 3027 632 3092 susim
645 3025 664 3090 .’
693 3026 726 3091 in
749 3026 810 3092 hoo
831 3027 887 3093 iile
910 3032 1020 3092 cautos
1043 3025 1200 3111 quosdam

5 3107 6 3130 ¹
107 3147 139 3195 se
157 3129 349 3215 prudentes,
365 3130 420 3213 qui
443 3149 478 3195 se
494 3130 620 3194 oritieos
641 3129 771 3215 dieunt,
794 3129 917 3212 ingenii
940 3130 989 3196 sui
1011 3129 1201 3215 probatores

3 3257 8 3293 ι
107 3231 254 3299 inveniet:
271 3251 330 3296 nos
345 3231 470 3296 interim
486 3231 663 3313 cogitemus
679 3230 758 3316 quid
776 3237 892 3318 poetae
914 3232 1013 3298 menti
1036 3236 1202 3298 eonsente·

2 3378 3 3393 ,
107 3351 188 3398 neum
211 3333 308 3400 inerit
333 3333 473 3400 seribere
499 3333 556 3398 ubi
582 3353 667 3398 nuno
695 3335 769 3400 s‘unt
797 3335 855 3400 illu
876 3333 1126 3419 absurdissime,
1149 3359 1201 3400 ea·

107 3450 181 3500 mont
195 3437 299 3502 ocuti.
314 3435 423 3520 itaque
439 3435 489 3500 hie
504 3442 579 3500 ante
600 3436 710 3502 omnis
731 3438 764 3502 si
782 3436 1006 3502 coniunctione
1028 3455 1110 3524 opus
1133 3441 1201 3519 est,

107 3556 180 3619 quse
200 3541 234 3604 in
256 3539 370 3624 primis
392 3537 506 3603 litteris
530 3538 637 3604 inesse
660 3537 775 3607 debet.
792 3545 858 3604 tum
873 3539 919 3604 rei
935 3538 1013 3604 nihil
1035 3537 1124 3605 eliud
1147 3559 1202 3624 ap·

107 3645 163 3705 tun
177 3661 246 3708 esse
262 3647 401 3726 apparet
415 3640 477 3704 nisi
492 3638 573 3724 hoe,
599 3641 723 3728 Quippe
738 3645 868 3724 etatem,
884 3644 917 3707 si
929 3647 998 3709 erte
1013 3643 1123 3726 ulique
1137 3640 1203 3706 effi-

108 3741 298 3830 uiuturfinita
306 3765 466 3830 peremne
478 3742 619 3830 Omporo
630 3745 749 3809 iactari
756 3747 853 3810 unius
861 3746 1017 3830 penitalia
1028 3747 1092 3827 rei,
1114 3743 1203 3810 Unde

108 3843 156 3908 att
165 3871 227 3931 qua
240 3849 278 3912 oi
289 3859 318 3912 et
333 3869 394 3933 quo
412 3857 505 3932 paeto
528 3867 697 3932 conpressa
718 3848 870 3912 coibunt?
892 3847 975 3912 dixit
996 3847 1029 3912 in
1051 3867 1086 3912 re
1108 3847 1203 3912 buius

2 4013 3 4026 ,
108 3947 181 4012 tundi
196 3949 365 4014 Lueretius
386 3947 570 4012 machinari
589 3953 621 4012 et
642 3951 800 4036 emrepere
817 3998 824 4014 .
841 3949 873 4013 iu
895 3971 942 4028 111,
954 3949 1018 4016 944
1040 3950 1124 4014 Nam
1147 3948 1207 4013 tibi

2 4115 3 4122 ,
104 4066 259 4132 praetereo
281 4051 368 4139 quod
388 4050 549 4116 machiner
569 4052 808 4138 inveniamque.
821 4051 853 4115 in
869 4073 901 4135 u,
913 4051 974 4116 247
998 4051 1091 4116 Ittud
1104 4051 1139 4116 in
1153 4051 1203 4116 tu

108 4151 238 4220 reinone
252 4155 447 4241 correpsisse
461 4153 567 4218 rearis
582 4153 636 4218 Mo
650 4155 732 4218 mebi
740 4202 748 4218 .
765 4152 839 4218 huie
860 4154 932 4219 loeo
954 4153 1031 4237 quid
1054 4154 1203 4219 eonveni-

109 4260 166 4338 ru,
181 4255 255 4322 mibi
277 4257 406 4338 statim,
421 4261 458 4320 ut
473 4275 543 4320 eum
561 4253 786 4340 consideravi,
802 4256 971 4341 apparuit,
994 4254 1081 4339 quod
1103 4256 1203 4338 longe

110 4357 138 4416 et
159 4375 292 4442 operosa
316 4357 525 4424 meditatione
553 4359 733 4441 quaesitum
760 4359 901 4444 reperire
923 4377 1021 4443 posse
1043 4357 1202 4423 neminem

110 4463 176 4536 puto
205 4509 211 4524 .
239 4466 288 4526 est
321 4465 429 4526 nutem
462 4459 574 4544 psueis
608 4459 756 4526 litterulis
791 4461 965 4526 immutatis
999 4458 1203 4526 scribendum

111 4555 219 4648 Quippe
248 4564 357 4628 monim
386 4582 418 4624 s1
444 4581 689 4626 usunrcunen
712 4610 718 4624 .
742 4582 783 4628 ex
809 4563 1007 4629 onomastieo
1029 4561 1201 4630 Labbneus
