3052 5144
601 457 633 522 lI

68 649 191 717 eorpore
212 631 371 696 seiunctus
393 628 485 694 dolor
507 628 611 704 absit,
635 629 740 692 menti'
761 625 885 693 fruatur

67 748 194 813 ineundo
216 767 331 828 sensu,
355 763 431 810 eura
452 743 584 808 semotu’
607 745 786 827 metuque?

20 883 47 928 uo
69 881 137 945 ergo
158 880 343 947 eorporearn
366 857 408 923 ad
430 865 578 924 naturam
599 877 704 941 panea
725 857 871 924 videmus

69 993 134 1040 esse
155 994 233 1058 opus
255 974 405 1057 omnino,
429 991 512 1054 quae
536 970 666 1036 demant
687 991 821 1054 eumque
844 972 1008 1057 dolorem,

68 1089 188 1156 delicias
211 1108 339 1172 quoque
362 1089 407 1153 uti
429 1088 546 1152 multas
568 1087 772 1152 substernere
794 1088 937 1175 possint.

69 1205 179 1287 gratius
200 1205 282 1268 inter
305 1205 380 1269 dum
404 1221 508 1284 ireque¹
529 1207 645 1268 natura
667 1201 738 1286 ipsa
760 1202 911 1284 requirit,

68 1321 92 1384 si
111 1339 170 1384 non
191 1339 294 1384 aurea
316 1324 390 1384 suut
411 1317 559 1382 iuvenum
582 1315 752 1382 simulacra
774 1337 831 1400 per
853 1317 954 1382 aedes

22 1453 48 1499 a
67 1432 224 1518 lampadas
244 1432 403 1516 igniferas
424 1430 570 1496 manibus
593 1431 761 1496 retinentia
784 1430 925 1508 dextris,

67 1547 176 1612 lumina
197 1547 360 1612 nocturnis
383 1547 487 1631 epulis
510 1552 544 1610 ut
565 1545 826 1630 suppeditentur,

69 1683 119 1726 nee
139 1661 248 1727 domus
271 1667 406 1744 argento
429 1661 561 1745 fulgenti
585 1679 729 1742 auroque
752 1661 893 1745 renidet,

70 1794 120 1839 neo
140 1775 278 1841 citharae
303 1775 437 1841 reboant
457 1775 612 1856 laqueata
634 1781 812 1856 aurataque
836 1780 939 1857 terta,
956 1753 1005 1850 ἦ
1028 1814 1053 1840 1-
1074 1809 1114 1869 Ι,ι
1185 1756 1189 1763 ’

68 1909 128 1953 oum
150 1897 253 1956 tamen
276 1891 361 1954 inter
383 1909 419 1955 se
441 1890 588 1973 prostrati
613 1889 646 1953 in
668 1889 813 1971 gramine
836 1890 925 1954 nrolli
967 1880 971 1897 ⁸

25 2025 49 2067 uo
69 2010 183 2087 propter
203 2025 312 2088 aquae
334 2004 436 2070 rivurn
459 2003 518 2068 sub
541 2005 640 2068 rarnis
661 2004 787 2068 arboris
809 2003 896 2067 altae

70 2139 121 2182 non
142 2121 262 2204 magnis
286 2121 402 2205 opibus
424 2119 561 2183 iueunde
583 2137 720 2202 corpora
739 2124 869 2201 ornant,

73 2233 237 2314 praesertim
260 2255 334 2299 euru
356 2241 529 2317 tempestus
552 2232 679 2296 adridet
701 2239 732 2295 et
753 2232 828 2296 anni

70 2352 196 2431 ternpora
218 2355 439 2432 conspergunt
459 2348 626 2412 viridantis
648 2347 780 2412 floribus
802 2346 938 2431 herbas,

70 2481 118 2524 nee
139 2463 261 2528 ealidae
285 2463 380 2528 eitius
402 2462 562 2528 decedunt
585 2480 718 2546 corpore
742 2461 870 2536 febres,

25 2593 49 2638 su
69 2577 214 2642 textilibus
236 2579 263 2643 si
288 2579 322 2642 in
344 2577 474 2660 pieturis
499 2583 649 2658 ostroque
672 2575 797 2642 rubenti

68 2690 201 2768 laeteris,
227 2713 326 2774 quznn
349 2692 429 2756 siin
454 2691 583 2777 plebeia
605 2697 694 2756 veste
718 2688 899 2755 cubandum
923 2695 990 2752 est.

68 2813 270 2890 quapropter
292 2807 444 2887 quoniarn
468 2807 511 2870 nil
536 2805 697 2870 nostruin
721 2822 854 2886 corpore
877 2821 978 2884 gazae

67 2917 219 2998 proficiunt
240 2939 348 3002 neque
371 2921 521 2986 nobilitas
543 2941 603 2986 nee
625 2919 730 3002 gloria
752 2918 861 2999 regni,

67 3033 141 3110 quod
162 3055 258 3120 super
279 3043 349 3118 est,
374 3037 480 3102 anirno
505 3055 632 3119 quoque
655 3035 699 3098 nil
722 3031 878 3117 prodesse
900 3033 1117 3114 putandum3.

26 3163 48 3206 ro
67 3143 87 3207 si
108 3169 167 3214 non
188 3149 271 3216 forte
294 3157 367 3216 tuas
390 3151 534 3235 legiones
556 3168 614 3234 per
637 3149 709 3214 loea
732 3149 837 3233 eampi
1097 3116 1116 3138 '⁴

66 3257 176 3328 fervere
198 3285 270 3330 eunt
292 3265 425 3348 videas,
443 3265 518 3330 belli
542 3264 713 3330 simulacra
737 3265 869 3347 cientis,

67 3374 204 3444 subsidiis
227 3379 419 3464 magnisque
442 3379 622 3464 elephantis
646 3377 884 3460 constabilitas,

22 3503 47 3548 rs
67 3497 183 3558 ornatas
205 3495 324 3577 aruris,
348 3493 494 3570 validas,
517 3495 701 3580 pariterque
724 3492 904 3570 animatas,

66 3599 178 3670 fervere
199 3627 271 3672 eunr
294 3606 407 3674 videas
430 3608 565 3673 classem
587 3609 717 3689 lateque
736 3608 870 3690 vagari,

25 3731 47 3774 n
68 3713 108 3779 bis
128 3719 180 3784 tibi
203 3727 269 3786 turn
293 3721 389 3787 rebus
410 3721 594 3788 timefactae
618 3722 788 3805 religiones

68 3829 210 3913 effugiunt
231 3836 340 3900 animo
364 3837 502 3920 pavide,
526 3837 697 3918 mortisque
720 3837 850 3900 tinrores

68 3949 122 4008 turn
143 3967 275 4014 vaenum
299 3957 409 4034 peetus
432 3951 555 4016 linount
577 3967 717 4030 curaque
740 3949 899 4014 solutum.

69 4060 142 4138 quod
163 4064 190 4128 si
211 4062 348 4130 ridicula
369 4063 449 4129 bueo
471 4063 674 4145 ludibriaque
696 4081 769 4129 esse
791 4063 958 4139 videmus,

102 4227 118 4232 -
130 4229 253 4239 -·-—-..--

75 4325 100 4372 18
115 4341 191 4381 urente
211 4329 224 4400 Η
247 4335 277 4383 ts
296 4343 394 4382 semota
420 4329 433 4400 Η
459 4334 490 4380 27
510 4333 592 4396 fulget
615 4329 629 4399 Η
655 4333 688 4378 28
707 4329 826 4391 laqueata
845 4328 856 4395 Η
879 4329 989 4394 templa.
1015 4325 1028 4394 Η
1055 4329 1086 4376 39
1106 4341 1179 4389 super

74 4425 95 4458 a
112 4411 122 4478 Η
141 4419 169 4466 tl
189 4419 283 4471 Fruere
301 4417 316 4489 Η
336 4422 369 4470 42
387 4418 488 4482 magnis
506 4419 601 4484 epicuri
625 4414 638 4486 Η
663 4419 696 4466 43
716 4417 821 4468 itastuas
839 4417 976 4478 tariterque
996 4413 1010 4485 Η
1029 4419 1062 4464 46
1082 4425 1179 4476 ternpus
