2996 5148
353 467 415 534 206
893 463 937 526 Vl

352 633 510 715 intellegit
531 632 575 697 ibi
599 631 708 698 vitium
733 653 790 699 ves
814 633 943 701 efficere
964 635 1090 721 ipsum,

354 748 523 830 omniaque
545 747 631 814 illius
653 749 730 814 vitio
754 751 950 834 corrumpier
971 749 1077 836 intus,

354 883 437 946 quac
461 863 589 928 conlata
611 863 711 940 ioris,
728 869 760 928 ct
780 864 970 941 commoda,
987 885 1121 948 cumque
1144 867 1317 948 venirent;

295 1001 328 1046 ao
352 980 465 1062 partim
489 977 576 1060 quod
599 977 716 1042 fluxum
739 985 967 1064 pertusumque
990 1001 1062 1046 esse
1083 979 1236 1066 videbat,

353 1103 388 1158 ut
410 1094 499 1159 nulla
520 1101 632 1178 posset
654 1096 778 1160 ratione
801 1095 959 1180 explerier
981 1115 1153 1178 umquam;

352 1209 466 1294 partim
492 1208 576 1290 quod
597 1215 698 1274 taetro
723 1211 817 1292 quasi
839 1230 1052 1294 conspurcare
1075 1231 1191 1296 sapore

354 1323 463 1389 omnic
486 1324 658 1404 cernebat,
675 1344 759 1406 quae
782 1345 916 1408 cumque
940 1333 1123 1411 receperat,
1141 1325 1248 1391 intus.

353 1439 500 1506 veridicis
523 1439 620 1523 igitur
642 1440 788 1525 purgavit
810 1449 940 1526 pectora
964 1439 1077 1528 dictis,

294 1578 326 1622 as
353 1561 385 1620 et
408 1555 500 1618 linem
525 1557 636 1620 statuit
659 1556 850 1642 cuppedinis
872 1563 969 1640 atque
992 1557 1135 1644 timoris,

353 1671 565 1754 exposuitque
588 1671 705 1737 bonum
730 1693 906 1749 sunnmum,
922 1695 984 1756 quo
1008 1673 1167 1739 tendimus
1190 1695 1335 1762 omues,

353 1785 429 1867 quid
454 1785 553 1862 soret,
569 1793 667 1868 atque
690 1787 783 1852 viatus
798 1789 1002 1872 monstravit,
1019 1789 1146 1854 tramite
1169 1797 1274 1873 parvo

354 1920 418 1982 qua
440 1920 608 1985 possemus
631 1901 672 1966 ad
694 1902 727 1966 id
749 1911 835 1967 recto
859 1904 1052 1970 contendere
1075 1925 1189 1986 cursu,

354 2015 471 2099 quidve
495 2017 569 2080 mali
593 2017 675 2082 foret
696 2018 729 2082 in
752 2019 849 2083 rebus
872 2018 1050 2084 mortalibu’
1073 2019 1214 2104 passim,

297 2152 329 2198 so
356 2131 442 2213 quod
465 2131 554 2197 lieret
576 2133 714 2198 naturali
735 2135 888 2215 varieque
910 2135 1036 2199 volaret

352 2265 409 2312 seu
433 2267 531 2312 eausa
555 2267 611 2314 seu
635 2249 665 2312 vi
680 2300 686 2324 ,
704 2249 789 2333 quod
813 2249 998 2315 siccatum
1021 2255 1185 2334 parasset,

353 2369 385 2427 et
408 2363 523 2444 quibus
547 2383 565 2428 e
587 2365 688 2448 portis
711 2365 832 2430 occurri
856 2365 970 2448 cuique
993 2363 1140 2440 deceret,

354 2483 385 2542 et
407 2497 510 2562 genus
533 2479 707 2544 humanum
729 2479 846 2545 frustra
868 2480 1055 2564 plerumque
1078 2479 1227 2563 probavit

354 2593 483 2658 volvere
506 2614 652 2658 curarum
675 2594 774 2660 tristis
795 2596 828 2660 in
850 2604 978 2680 pectore
1001 2595 1135 2662 fluctus.

295 2729 327 2775 as
354 2728 427 2772 nam
450 2709 499 2773 vel
522 2709 566 2773 uti
589 2709 679 2792 pueri
703 2709 864 2795 trepident
887 2717 983 2793 atque
1006 2709 1113 2776 omnic
1135 2711 1244 2776 caecis

357 2824 391 2888 in
414 2824 555 2889 tenebris
577 2811 739 2908 metuunt,
756 2825 802 2890 sic
824 2845 884 2890 uos
907 2827 940 2890 iu
963 2825 1034 2892 luce
1056 2825 1204 2891 timemus

356 2940 438 3004 inter
461 2937 638 3016 duu1,nilo
663 2959 747 3021 quae
771 2949 843 3004 sunt
865 2941 1038 3006 metuenda
1059 2939 1165 3021 magis
1187 2959 1288 3023 quem

354 3047 437 3138 quae
459 3053 549 3138 pueri
571 3053 604 3117 in
627 3053 767 3118 tenebris
788 3053 934 3138 pavitant
955 3054 1141 3138 finguntque
1164 3053 1301 3120 lutura.

353 3170 437 3235 hunc
459 3169 555 3250 igitur
577 3175 729 3234 terrorem
753 3169 850 3232 enimi
873 3169 1088 3251 tenebrasque
1111 3179 1281 3236 necessest

295 3307 328 3350 so
353 3305 417 3348 non
441 3282 525 3348 radii
547 3284 623 3348 solis
647 3303 707 3348 uec
730 3283 837 3347 lucida
860 3284 925 3348 tela
946 3284 1009 3350 diei

355 3397 548 3482 discutiant,
565 3397 621 3464 sed
644 3405 779 3464 naturae
801 3399 925 3482 species
949 3399 1114 3480 ratioque.

354 3533 415 3596 quo
440 3513 542 3595 magis
565 3514 726 3598 inceptum
750 3534 880 3597 pergam
904 3518 1073 3598 pertexere
1095 3513 1207 3578 dictis.

394 3629 432 3693 Et
455 3629 608 3711 quoniam
631 3627 725 3694 docui
750 3627 856 3693 mundi
881 3628 1031 3694 mortalia
1052 3627 1172 3713 templa

353 3763 425 3809 esse
448 3751 479 3808 et
503 3745 609 3808 nativo
634 3745 807 3809 consistere
832 3764 966 3828 corpore
989 3744 1136 3826 caelum,

295 3881 328 3927 45
357 3869 388 3925 et
411 3879 492 3943 quae
516 3877 652 3941 cumque
674 3859 707 3924 iu
731 3877 769 3924 eo
793 3859 873 3924 liunt
893 3859 1016 3924 iatesre
1040 3849 1203 3924 necessest

353 3975 508 4059 pleraque
532 3973 687 4058 dissolui,
705 3993 788 4056 quae
811 3979 934 4040 restant
955 3973 1085 4058 percipe
1107 3993 1224 4058 porro,

385 4161 556 4168 ——.--—.—-

360 4281 389 4326 ll
409 4278 447 4327 ias
472 4275 485 4347 ΙΙ
511 4281 543 4328 22
563 4291 733 4342 conspergere
754 4273 766 4342 Η
788 4279 820 4326 '28
840 4285 909 4326 recta
929 4275 942 4343 Η
963 4279 996 4328 80
1015 4277 1092 4327 luerit
1112 4276 1123 4342 l,
1145 4278 1176 4326 ³1
1197 4293 1259 4327 casu
1281 4273 1298 4346 Η
1318 4279 1449 4345 signmrs

358 4366 426 4415 32ss
446 4364 457 4434 ΙΙ
480 4369 512 4416 83
531 4375 631 4430 plustre
650 4366 664 4431 {l
685 4367 717 4413 34
732 4364 842 4414 Voluere
863 4366 875 4430 Η
897 4367 930 4414 te
950 4365 1043 4414 coelis.
1065 4363 1079 4434 ll
1099 4367 1133 4414 at
1151 4373 1177 4414 et
1195 4367 1342 4418 nmmum.
1368 4376 1382 4438 p
1402 4372 1479 4420 tete

356 4469 429 4520 mque
