2996 5148
283 441 346 507 218
823 435 868 500 VI

210 631 260 679 ars
285 627 347 676 uec
368 608 530 691 mirumst,
546 606 579 672 in
600 627 639 673 eo
662 607 689 674 si
711 614 855 690 tempore
876 608 1015 692 plurima
1035 607 1116 673 liunt

282 723 415 790 fulmina
435 727 675 807 tempestasque
698 722 798 788 cietur
819 723 948 790 turbida
970 722 1082 805 caelo,

283 837 416 924 ancipiti
440 838 589 920 quoniam
614 837 699 902 bello
722 838 866 903 turbatur
887 839 1064 920 utrimque,

283 953 357 1018 luiuo
378 951 535 1030 flammis,
552 951 642 1018 illinc
662 953 787 1037 ventis,
803 972 978 1035 umoreque
1000 954 1119 1018 mixto.

226 1139 231 1148 ,
324 1067 392 1133 Hoc
416 1073 465 1132 est
486 1065 616 1148 igniferi
640 1074 786 1132 naturam
810 1067 954 1134 fulminis
975 1070 1079 1152 ipsam

211 1203 262 1250 seo
286 1182 469 1268 perspicere
491 1188 523 1246 et
545 1201 610 1264 qua
631 1182 660 1246 ai
685 1181 781 1246 faciat
802 1201 869 1246 rem
892 1201 1052 1264 quamque
1072 1181 1205 1258 videre,

283 1317 348 1362 uon
370 1298 537 1382 Tyrrhena
557 1303 642 1362 retro
665 1297 847 1362 volventem
869 1297 1011 1362 carmina
1032 1296 1149 1362 frustra

284 1411 404 1478 indicia
426 1413 572 1478 occultae
595 1411 703 1478 divom
725 1413 910 1498 perquirere
934 1411 1068 1494 montis,

284 1528 370 1595 unde
392 1529 506 1593 volans
528 1527 612 1612 ignis
635 1528 816 1610 pervenerit
837 1535 893 1592 aut
913 1527 947 1592 iu
968 1535 1072 1592 utram
1095 1545 1131 1592 se

283 1643 411 1708 verterit
433 1644 506 1708 hinc
528 1643 664 1728 partim,
681 1663 744 1725 quo
767 1649 862 1728 pecto
886 1662 943 1726 per
965 1643 1038 1708 loea
1060 1649 1173 1726 saepta

208 1777 259 1826 385
285 1758 470 1834 insinuarit,
486 1763 518 1823 et
540 1757 613 1823 hiuc
636 1757 817 1824 donriuatus
838 1765 874 1822 ut
895 1757 1043 1823 extulerit
1065 1776 1122 1835 se,

284 1873 401 1956 quidve
424 1891 540 1938 nocere
563 1879 661 1954 queat
683 1873 724 1938 de
746 1875 836 1938 caelo
860 1871 1003 1938 fulminis
1025 1873 1125 1938 ictus.

285 1989 368 2070 quod
392 1989 418 2054 si
441 1987 586 2072 Iuppiter
609 1994 706 2070 atque
730 1988 787 2052 alii
808 1988 966 2070 fulgentia
988 1987 1054 2052 divi

284 2103 421 2168 terrifico
445 2103 592 2185 quatiunt
614 2101 720 2168 souitu
742 2103 895 2168 caelestia
917 2102 1037 2187 templa

285 2227 316 2284 et
337 2218 456 2284 iaciunt
478 2219 584 2301 ignem
608 2237 671 2300 quo
695 2217 840 2299 cuiquest
863 2235 998 2298 cumque
1020 2216 1187 2299 voluptas,

209 2354 259 2402 sao
285 2354 340 2399 eur
362 2333 478 2416 quibus
500 2333 661 2398 incautum
684 2333 789 2398 scelus
812 2331 992 2396 aversabile
1014 2337 1182 2412 cumquest

284 2469 347 2512 uon
370 2447 488 2512 faciunt
509 2448 564 2513 icti
585 2447 731 2512 flammas
753 2455 787 2512 ut
808 2447 947 2528 fulguris
969 2447 1078 2511 halent

283 2571 413 2648 pectore
435 2561 577 2646 perfluo,
595 2563 751 2628 documen
775 2562 963 2628 mortalibus
986 2581 1080 2646 acre,

284 2685 316 2742 et
339 2677 444 2760 potius
465 2677 555 2742 nulla
578 2677 639 2742 sibi
662 2677 746 2762 turpi
770 2676 917 2742 conscius
938 2677 972 2741 in
995 2695 1030 2741 re

284 2793 420 2858 volvitur
442 2793 476 2856 in
499 2791 636 2858 flammis
658 2793 807 2858 innoxius
829 2791 927 2873 inquo
948 2793 1075 2876 peditur

210 2929 260 2978 aas
286 2909 413 2974 turbiue
436 2909 566 2974 caelesti
589 2909 693 2974 subito
717 2915 882 2992 correptus
904 2917 936 2972 et
956 2907 1051 2991 igni?

285 3047 341 3093 cur
364 3025 458 3091 etiam
483 3024 557 3090 loce
579 3025 648 3089 sola
670 3029 783 3109 petunt
804 3022 986 3104 fmstraque
1008 3021 1184 3086 laborant?

286 3161 328 3208 an
350 3149 415 3206 tum
438 3139 589 3206 bracchia
612 3145 826 3204 consuescunt
847 3137 1039 3219 firmantque
1061 3135 1225 3202 lacertos?

284 3258 318 3321 in
339 3263 486 3338 terraque
510 3254 611 3340 patris
634 3273 690 3318 our
710 3253 808 3318 telum
832 3253 1053 3336 perpetiuntur

286 3371 447 3456 optandi?
463 3389 518 3435 eur
539 3371 609 3452 ipse
632 3368 726 3452 sinit,
744 3387 848 3450 neque
870 3369 974 3452 parcit
994 3368 1027 3432 in
1051 3366 1179 3432 hostis?

210 3507 261 3554 400
286 3485 424 3569 denique
447 3505 502 3550 our
523 3503 696 3566 numquam
719 3483 811 3548 caelo
835 3483 911 3548 iacit
933 3481 1074 3564 undique
1097 3496 1177 3564 puro

285 3599 428 3684 Iuppiter
448 3600 480 3664 in
504 3606 608 3665 terras
630 3597 751 3663 fulmen
775 3597 963 3679 sonitusque
985 3595 1180 3680 profundit?

286 3735 328 3780 au
350 3715 444 3779 simul
467 3734 506 3780 oe
529 3714 631 3778 nubes
653 3731 857 3789 successere,
872 3713 944 3797 ipse
965 3713 997 3774 in
1022 3729 1078 3776 eas
1099 3715 1165 3772 tum

285 3829 470 3913 deseendit,
485 3847 585 3913 prope
608 3835 642 3892 ut
663 3827 737 3894 hinc
758 3828 815 3893 teli
836 3825 1027 3892 determinet
1048 3823 1157 3890 ictus?

287 3945 321 4009 in
343 3964 432 4011 mare
455 3965 518 4028 quo
540 3965 637 4030 porro
661 3942 753 4007 mittit
774 3943 926 4008 ratione?
942 3942 1019 4026 quid
1041 3939 1144 4004 undas

290 4250 340 4298 875
360 4263 404 4297 eos
422 4221 544 4312 tompore¹
560 4245 573 4315 ll
597 4249 648 4296 876
668 4247 707 4296 cis
727 4245 740 4314 ΙΙ
761 4249 810 4295 877
831 4246 909 4296 bellio
935 4242 949 4313 ΙΙ
974 4247 1024 4296 888
1042 4246 1138 4298 menti.
1158 4241 1171 4308 ΙΙ
1191 4242 1244 4292 888
1264 4253 1390 4294 umorue.
1420 4249 1433 4308 Ι.

290 4337 341 4385 884
359 4335 401 4384 hie
421 4333 435 4402 ΙΙ
456 4337 506 4385 888
525 4334 643 4385 sstulerit
662 4331 676 4401 ΙΙ
696 4335 747 4383 886
767 4333 886 4384 fulmineo
910 4330 923 4398 ΙΙ
950 4334 1000 4382 888
1020 4347 1071 4396 quo
1090 4333 1190 4396 laqueet
1209 4325 1222 4397 ΙΙ
1243 4329 1390 4382 voluntas.
1413 4330 1429 4400 ll

290 4425 341 4476 ³93
361 4422 464 4474 coucius
485 4419 498 4490 ΙΙ
518 4424 567 4472 401
588 4422 744 4490 Iuppiterras
764 4421 777 4489 Η
797 4425 848 4472 402
868 4422 894 4471 iu
913 4435 956 4470 ses
