3096 5142
320 397 384 466 306
859 394 890 492 ‘v

319 567 395 635 lites
416 566 505 653 epud
521 565 699 635 charisium
720 587 752 652 p.
768 565 828 636 1⁷7
844 565 1030 653 apparetis
1044 565 1152 632 verbis
1166 564 1261 650 Aspri
1275 613 1282 628 .
1298 563 1325 630 is
1339 563 1417 630 enim

321 669 362 737 de
377 669 595 755 Sallustiano,
612 667 699 755 quod
719 674 770 736 est
785 671 926 737 eumen
948 667 1116 735 comitium
1137 679 1182 734 est
1198 664 1419 756 &rausidus

320 772 520 858 quaesivisse
542 769 676 856 dieitur,
694 771 836 838 Ueterem
859 769 1010 859 quomodo
1030 773 1169 859 positum
1191 769 1262 836 eet?
1273 791 1330 856 pre
1347 767 1418 833 alt>

306 875 423 963 ,periri
437 874 582 962 als‘oquiu
604 873 680 958 (hoo
700 873 785 940 enim
800 873 850 940 bis
871 871 1076 940 scribendum
1090 872 1154 958 est)
1176 871 1340 939 consilium
1360 881 1418 936 est.

319 1002 363 1043 ee
371 1001 432 1064 pro
442 976 613 1058 relicuum,
624 989 659 1042 et
669 977 712 1042 sit
722 977 856 1042 nmneul
865 975 998 1042 rels'eesm
1009 975 1176 1043 euntium
1187 987 1247 1042 eet.
1260 991 1341 1058 quse
1352 971 1420 1037 Lin-

319 1078 500 1146 demannus
514 1078 562 1144 ite
576 1075 724 1144 distinxit
737 1083 773 1144 nt
787 1077 933 1162 intellegi
948 1100 1013 1145 uon
1028 1078 1173 1164 possint.
1189 1081 1240 1144 est
1254 1081 1358 1143 summ
1369 1071 1420 1141 Os
1517 1127 1520 1136 .

319 1200 429 1248 eorum
450 1206 472 1247 u
495 1187 726 1248 consonantem
749 1179 857 1248 lesere
878 1201 938 1267 pro
961 1181 1089 1266 venali,
1104 1180 1160 1265 qui
1181 1179 1331 1246 dixerunt
1348 1177 1420 1264 eap-

318 1309 389 1350 vam
411 1289 444 1350 et
465 1284 618 1349 Pacuium
630 1307 642 1368 ,·
662 1281 750 1367 quod
773 1281 963 1350 Theodorus
990 1281 1220 1350 Mommseuius
1246 1299 1348 1367 nuper
1372 1277 1421 1346 do

319 1385 528 1470 unitimque
550 1385 654 1452 Varro
676 1385 832 1452 Pacuium
854 1385 888 1450 in
910 1385 979 1454 suis
1002 1385 1044 1454 de
1065 1385 1179 1470 lingue
1199 1384 1319 1450 Latine
1338 1381 1421 1448 libris

317 1489 380 1574 (sie
401 1487 469 1554 lere
491 1507 619 1574 semper
640 1487 861 1573 Florentinus)
894 1493 927 1554 et
952 1487 985 1554 in
1012 1490 1246 1576 epigrammate
1273 1483 1359 1571 qnod
1379 1489 1422 1551 est

318 1591 406 1678 epud
417 1591 558 1657 Nonium
570 1611 601 1676 p.
613 1589 665 1675 88,
677 1589 716 1674 4,
731 1591 837 1657 Pacui
844 1589 934 1676 (libri
948 1591 1124 1677 Pacuuius)
1135 1589 1315 1677 decipulas
1325 1587 1420 1669 deber,

314 1718 412 1783 pomo
423 1693 528 1781 sesus't
538 1693 631 1768 Ειιιιί
637 1743 647 1776 ,
659 1693 776 1760 Ειιιιίιί
787 1716 952 1780 memorum
964 1717 975 1759 .·
986 1693 1166 1781 Pompilius
1178 1692 1286 1760 elusor
1298 1742 1305 1758 .
1318 1689 1422 1758 eodem

317 1797 455 1883 pertinet
476 1796 605 1864 Vesvius
619 1815 731 1880 mons,
754 1795 809 1881 qui
825 1815 847 1861 a
861 1795 949 1862 nullo
964 1801 1132 1882 poetarum
1148 1795 1255 1862 dietus
1270 1801 1320 1862 est
1339 1793 1423 1859 Vem-

214 1923 219 1932 ·
316 1901 407 1984 vies,
429 1898 517 1982 quod
539 1917 656 1965 nomeu
684 1897 745 1963 fuit
769 1917 811 1964 ex
837 1899 986 1965 omnibus
1012 1898 1248 1966 brevibusne
1273 1895 1423 1984 posterior

316 2007 409 2068 uetes
421 2001 519 2068 etiem
531 2025 735 2089 suspensique
746 2007 778 2068 et
789 2025 996 2089 superuacuum
1008 2001 1091 2067 dixit
1104 2052 1111 2067 .
1124 2002 1189 2067 iem
1201 2001 1322 2068 redebeo
1332 1995 1422 2065 simil·

317 2105 429 2170 limum
453 2110 502 2170 est
524 2103 702 2188 dationum,
723 2103 810 2189 quod
833 2104 962 2188 legebat
982 2105 1016 2170 in
1032 2105 1153 2172 (iasine
1172 2103 1281 2169 Plauti
1301 2099 1422 2186 11‚2‚33

316 2207 420 2274 Varro
443 2205 484 2273 de
507 2206 620 2292 lingue
635 2207 752 2274 Latine
773 2227 820 2271 vu
835 2227 865 2292 p.
879 2206 942 2273 384
957 2214 990 2274 et
1010 2207 1108 2274 hebet
1123 2213 1216 2274 setus
1234 2206 1357 2292 eodex,
1372 2204 1420 2271 adii
1529 2297 1530 2300 Ἴ

316 2309 423 2375 miuus
445 2308 521 2374 boni
546 2308 740 2397 deliquium,
757 2309 876 2397 Paulus
896 2308 1053 2375 diaeonus
1074 2329 1107 2395 p.
1117 2309 1161 2376 56
1183 2307 1345 2397 ediquem
1358 2307 1422 2374 sire

316 2411 512 2498 deliqnsiam.
530 2411 579 2478 his
593 2411 691 2496 igitur
714 2405 755 2478 ee‘
772 2429 857 2496 ques
879 2411 984 2478 eidem
999 2412 1133 2496 regulus
1147 2411 1317 2479 subieoent
1337 2410 1422 2497 puris

315 2521 389 2580 eunt
400 2563 408 2598 ,
420 2516 577 2602 inpensus
583 2527 776 2602 perpetuus,
788 2513 944 2580 edsiduw
956 2513 1104 2581 residuus
1116 2517 1254 2602 enrs'peue
1264 2515 1422 2602 emds‘puue

311 2615 683 2703 praeespumsueeideus
682 2619 876 2706 perspicuus
884 2618 1050 2683 continens
1057 2617 1423 2706 eouts'peuediserepeut

316 2717 453 2803 primum
464 2718 580 2802 quibus
587 2719 678 2806 prod
692 2727 723 2786 et
737 2719 816 2786 ιἠιίιι
831 2724 1072 2805 praeponuntur
1084 2767 1092 2803 ,
1103 2717 1264 2806 prodique
1279 2717 1421 2806 indique,

317 2819 360 2885 ed
382 2839 517 2904 quorum
540 2821 721 2906 exemplum
741 2820 934 2888 recentiores
957 2821 1101 2888 leoerunt
1122 2821 1293 2908 dulps-epse
1303 2871 1313 2906 ,
1327 2845 1421 2908 uepre-

245 2943 250 2950 ·
314 2947 376 3011 pes
386 2973 396 3006 ‚
412 2941 484 2988 eum
507 2923 723 3008 antiquissimi
735 2924 914 3012 prods‘puas
935 2925 1053 2990 Ιιοιιίαι
1074 2921 1254 3009 dixissent,
1272 2921 1358 3008 quod
1378 2926 1422 2986 est

316 3024 404 3112 apud
419 3025 549 3092 Festum
571 3047 604 3113 p.
619 3026 691 3112 250,
704 3029 746 3112 9;
763 3025 882 3093 deinde
903 3025 1068 3111 inquibus
1090 3027 1277 3112 incorrupta
1298 3032 1349 3093 est
1364 3043 1421 3090 me

317 3127 373 3193 die
390 3127 549 3214 simplicis
571 3127 701 3214 syllebe
722 3149 794 3194 oum
816 3127 921 3206 rosuli
943 3148 1005 3196 sue
1025 3135 1155 3214 praeter
1177 3153 1213 3214 e,
1228 3127 1420 3216 conpredus,
1528 3171 1529 3174 ,

315 3229 445 3296 invidus
452 3231 607 3319 premitus
619 3231 748 3298 divides
757 3229 822 3317 (sio
833 3237 919 3298 reete
931 3251 952 3298 e
963 3231 1133 3300 dividendo
1141 3231 1259 3298 deeius
1268 3229 1356 3317 apud
1364 3231 1421 3297 No·

316 3332 403 3398 nium
418 3353 450 3418 p.
463 3331 514 3419 95,
528 3331 584 3419 25)
602 3331 747 3421 perfidus
770 3335 898 3419 odorus,
914 3333 1062 3402 desuem
1082 3335 1257 3423 interpolas
1279 3331 1421 3400 medalu

316 3433 494 3501 commodus
504 3436 656 3524 reprobes
664 3461 843 3526 praecoque
852 3437 980 3527 rataque
991 3437 1156 3525 (hosenirn
1165 3437 1280 3504 lexiois
1291 3433 1421 3504 inferen-

316 3535 392 3601 dum
415 3541 464 3602 est
486 3557 527 3604 ex
542 3537 687 3605 Verroue
702 3537 743 3606 de
765 3540 879 3624 lingue
894 3541 1011 3607 Latina
1029 3561 1063 3606 vr
1082 3537 1420 3627 presedissem

316 3651 368 3704 tur
376 3639 533 3727 eloquium
542 3641 712 3728 derelequs‘
716 3643 750 3707 in
747 3642 1158 3730 fanisSubs'mireeelludei
1164 3645 1242 3732 quei
1246 3643 1419 3731 loquuntur,

315 3741 371 3807 ubi
387 3743 591 3810 florentinus
606 3767 644 3808 ae
665 3743 788 3831 reliqui
804 3751 837 3810 et
859 3747 920 3832 qui
938 3745 1140 3834 eloquuntur)
1151 3797 1161 3830 ‚
1173 3746 1335 3836 profispus
1355 3765 1419 3809 oon·

313 3867 415 3931 prees
425 3845 603 3932 supepiuus
615 3843 823 3932 (quemquern
828 3849 1144 3936 prpteoimquoque
1156 3855 1221 3935 est,
1233 3847 1420 3914 utadtuvtm
1527 3831 1528 3852 ¹

315 3952 349 4012 et
369 3947 523 4033 oblivitos,
546 3946 587 4014 de
610 3967 674 4033 quo
698 3947 765 4014 dixi
795 3949 830 4015 iu
850 3971 962 4017 museo
985 3951 1140 4019 Rheneno
1162 3969 1267 4037 nevo,
1289 3971 1320 4018 e.
1343 3945 1419 4015 1845

315 4069 346 4134 p.
361 4048 461 4133 611).
454 4071 461 4087 ·
478 4047 535 4116 sed
556 4049 730 4139 confrapus
752 4051 966 4141 efranpendo
987 4074 1093 4140 neque
1114 4055 1253 4122 antinum
1274 4060 1325 4120 est
1344 4069 1417 4132 nse,

314 4155 413 4237 puto,
429 4158 516 4218 reete
538 4151 679 4220 lentum.
694 4171 761 4220 nou
775 4155 939 4241 pertinent
953 4164 1059 4224 eutem
1076 4158 1137 4224 hue
1151 4177 1235 4242 queo
1249 4156 1321 4223 sine
1335 4171 1419 4242 pree

314 4239 475 4340 positione
489 4273 554 4321 uon
569 4255 675 4322 minus
688 4255 817 4342 integra
829 4265 981 4345 monent,
998 4261 1153 4328 subeam
1160 4283 1324 4350 penuque
1338 4279 1418 4323 com-

314 4357 634 4444 eius‚supervaouus
656 4359 907 4448 simplamque
929 4309 1080 4428 dilidam
1098 4359 1303 4430 referendum
1325 4363 1417 4446 puto,

314 4459 401 4540 quod
423 4459 569 4545 plerique
591 4459 638 4525 ite
659 4459 829 4544 dixerunt,
845 4465 968 4531 seilicet
989 4484 1011 4531 e
1031 4464 1127 4532 esiirw
1141 4465 1288 4532 similiter
1307 4461 1417 4530 dedue
