3036 5150
633 385 665 450 ΙΙ
1162 385 1201 450 'll

115 554 150 617 ar
158 553 212 618 uhi
219 553 384 618 Maeonias
395 554 478 618 irater
489 553 635 619 heroidas
647 555 756 637 macch,
769 555 866 619 Nulli
874 553 1027 640 eurofeu't
1040 552 1044 640 l
1059 566 1203 620 eeterme

115 678 247 740 quaerere
263 653 370 720 diuos.
388 655 541 722 Horatius
562 655 675 720 iisdem
701 655 942 722 condicionibus
962 657 1051 722 nulla
1065 656 1128 722 nisi
1143 656 1176 720 in
1192 669 1205 720 t

113 757 235 822 litteram
258 759 431 843 exeuntia,
457 759 557 838 Quom
579 761 612 824 si
631 757 791 845 quidquid
811 773 883 824 arat
896 757 900 844 l
914 759 1041 846 lupique
1056 758 1203 846 Apulus,

12 895 13 923 r
113 858 248 947 Permpit
263 860 461 944 Acheronte,
478 861 600 948 St'jiqe‘t
615 859 855 944 adamantinos,
876 860 1024 927 Callidus
1038 875 1072 926 ut
1087 859 1201 946 eoleatl

113 964 233 1045 umens,
249 963 412 1028 melmae
424 965 483 1050 qui
490 963 607 1048 distat,
623 966 690 1051 opit
704 961 707 1049 l
721 965 778 1028 uhi
784 987 887 1028 seeum
899 977 948 1028 eut
959 987 1002 1027 are
1014 987 1076 1030 uon
1092 1012 1099 1028 .
1115 982 1204 1030 acce·
1275 989 1286 996 ·

113 1063 151 1127 lit
169 1064 253 1146 quod
276 1064 328 1130 hie
351 1066 383 1130 in
407 1065 575 1150 epistulis,
599 1067 674 1132 item
697 1067 731 1132 in
747 1072 816 1130 arto
831 1065 958 1150 poetica
980 1071 1012 1131 et
1032 1066 1066 1130 in
1088 1072 1203 1150 quarto

11 1211 12 1216 1
113 1167 274 1232 carminum
296 1168 400 1252 libro,
417 1188 543 1234 omnem
559 1169 642 1234 hanc
658 1169 818 1234 licentiam
834 1167 962 1234 omisit.
979 1167 1037 1234 sed
1053 1187 1094 1234 ne
1109 1169 1141 1234 in
1157 1189 1206 1236 ce

10 1342 14 1355 ,
111 1269 174 1335 tcris
187 1269 316 1352 quidam
331 1269 411 1336 haec
427 1269 502 1336 ferri
518 1279 672 1356 possunt,
689 1271 743 1338 Sic
764 1295 841 1336 raro
861 1271 973 1335 serebia
989 1283 1023 1335 ut
1038 1283 1110 1355 toto,
1127 1272 1205 1338 Cou-

104 1371 195 1456 fidens
215 1371 355 1437 tumidus
370 1373 468 1454 adeo,
490 1374 591 1440 Caeca
611 1379 694 1440 timet
708 1372 941 1457 aliundefuta5
962 1373 995 1436 in
1011 1393 1144 1458 quorum
1160 1375 1206 1440 ul·

112 1473 175 1538 timo
189 1473 392 1539 scribendum
415 1481 463 1540 est
485 1500 583 1562 aeque
604 1477 690 1542 utera
706 1476 807 1542 Oueeu
822 1476 942 1540 timetoe
963 1475 1093 1542 aliunde
1104 1477 1204 1560 fota.

10 1655 11 1666 2
113 1573 147 1640 de
169 1575 285 1642 Ouidio
314 1596 417 1661 nuper
443 1576 503 1644 hoc
531 1598 616 1644 anno
638 1599 738 1642 xnrnr
764 1597 833 1642 cum
857 1596 934 1642 cura
956 1579 1091 1662 exposui
1114 1580 1146 1644 in
1169 1580 1205 1645 li-

10 1667 11 1705 *
111 1676 184 1744 bello
206 1678 415 1763 academico,
438 1700 501 1763 quo
524 1682 593 1748 eius
615 1701 680 1746 non
702 1681 811 1766 plures
835 1699 930 1764 quarn
954 1687 1024 1746 octo
1048 1681 1205 1766 epistulas

10 1822 14 1849 ι
111 1779 265 1846 heroidum
287 1801 458 1866 superesse
482 1782 702 1849 demonstrare
723 1783 833 1850 volui.

182 1884 231 1950 28.
257 1885 336 1950 Nnc
366 1907 533 1964 crannus
559 1906 731 1950 annosus
758 1905 954 1957 montense
975 1905 1204 1958 susurrone

11 2047 12 2050 ,
109 2006 246 2050 senens
264 2037 271 2052 .
289 1985 471 2053 Macrobius
486 1988 519 2053 in
535 1987 663 2054 Saturn.
679 2009 722 2074 vr,
734 1988 755 2052 2
769 1989 951 2076 cytharam,
971 1987 1057 2053 idom
1072 1989 1106 2054 in
1121 1990 1204 2057 eius-

109 2087 171 2155 dem
188 2089 261 2156 libri
279 2089 415 2174 eapitc4
432 2091 583 2178 cythara.
600 2093 730 2177 laqueat
744 2090 904 2174 oblongus
920 2095 952 2156 et
966 2089 1124 2174 schedae,
1141 2113 1204 2157 us-

108 2211 249 2261 ucssrs
264 2179 447 2258 Macrobius
466 2243 474 2259 .
496 2192 583 2258 idem
604 2195 705 2258 altero
721 2193 793 2259 loco
809 2206 926 2278 tempe,
950 2192 1051 2257 altero
1067 2214 1203 2260 necne.

109 2291 159 2358 hoc
185 2294 331 2379 plerique
357 2301 443 2361 recte
465 2297 663 2380 probarunt:
689 2315 764 2360 nam
793 2315 903 2362 verum
929 2315 994 2360 non
1020 2302 1089 2380 est,
1117 2299 1203 2380 quod

107 2393 317 2462 Wakefieldus
331 2397 423 2482 dicit,
437 2397 596 2486 'templum
609 2417 697 2464 more
709 2398 901 2464 Lucretiano
913 2398 1021 2464 valere
1032 2412 1150 2485 tepuere
1164 2437 1200 2448 -

106 2516 271 2565 concavum
294 2500 428 2566 lacunar
441 2501 458 2565 .'
482 2521 540 2586 pro
563 2515 758 2587 auratoque,
781 2499 866 2583 quod
887 2500 1068 2567 Macrobius
1092 2502 1203 2569 contir-

10 2639 11 2658 2
105 2608 181 2684 nat,
195 2601 372 2685 quadratus
384 2616 598 2689 caecataque.
611 2602 687 2668 mihi
700 2623 778 2669 vero
790 2603 823 2668 in
837 2601 932 2668 domo
946 2627 1025 2669 auro
1036 2605 1202 2690 recidente}

9 2692 14 2775 ξ
105 2703 205 2784 qualis
231 2724 328 2770 versu
355 2706 501 2790 proximo
527 2705 713 2789 dicebatur,
737 2719 853 2771 aurato
875 2719 953 2771 tecta
975 2707 1053 2772 satis
1076 2707 1203 2774 inficeto

8 2825 9 2834 ¹
105 2807 335 2872 commemorari
364 2807 537 2876 videntur.
567 2808 676 2893 itaque
703 2813 833 2892 poetam
859 2809 1027 2892 scripsisse
1055 2811 1203 2876 existimo

106 2905 244 2992 laqueata
271 2921 446 2996 oraothue
473 2923 551 2976 tecta
573 2960 580 2975 .
604 2909 726 2976 Ennius
752 2911 853 2976 Tectis
875 2910 1004 2976 caelatis
1026 2911 1202 2997 laqueatae,

103 3010 188 3077 Auro
210 3013 298 3078 ebore
320 3013 506 3078 instructam
529 3013 673 3102 reptflcc.

181 3113 232 3179 33.
255 3133 550 3182 cossrnaeusr.
573 3114 668 3200 Apud
690 3113 888 3180 Macrobium
911 3115 993 3181 libro
1017 3116 1092 3200 v1,2
1114 3141 1201 3182 eoae-

7 3221 8 3226 ’
101 3229 233 3302 purpurat
253 3266 260 3281 .
284 3237 356 3284 eum
371 3237 500 3284 versum
516 3218 605 3284 cuius
620 3216 745 3282 initium
762 3223 810 3282 eat
824 3218 960 3304 Propter
975 3242 1077 3304 aquae
1098 3221 1203 3284 mcum

7 3313 8 3330 ¹
104 3326 223 3399 praeter
238 3319 436 3386 Macrobinm
459 3318 558 3386 refert
574 3321 718 3386 Donatus
733 3319 776 3386 ad
792 3318 959 3404 Adelphos
975 3342 1017 3400 ιν,
1030 3320 1059 3403 2,
1073 3321 1112 3386 37
1136 3339 1201 3386 non

7 3501 8 3508 ἵ
104 3420 208 3488 addito
230 3421 305 3488 libri
328 3441 482 3488 numero:
505 3422 533 3489 is
555 3429 662 3490 autem
677 3423 791 3489 iterum
810 3423 947 3507 scriptus
963 3429 1051 3489 extat
1065 3423 1100 3490 in
1115 3423 1199 3490 libro

103 3541 139 3608 v,
157 3525 257 3592 1393.

180 3627 230 3695 39.
254 3626 362 3706 Quon
379 3649 547 3693 cursans
560 3677 568 3694 .
581 3627 655 3694 Itali
668 3633 699 3694 ct
707 3628 902 3695 Veronensis
914 3625 1011 3692 editio
1023 3647 1201 3715 supernae.

180 3729 232 3796 41.
262 3731 414 3796 Faunus
437 3753 512 3796 unu
534 3751 693 3797 vrnsss.
718 3731 901 3811 Quadratus
923 3731 1046 3796 Meum
1067 3754 1136 3796 eum
1158 3732 1202 3796 ci-

103 3826 204 3897 deree.
219 3831 273 3899 hie
294 3833 357 3900 nisi
379 3833 457 3900 olim
478 3841 618 3901 erratum
641 3834 775 3920 fuisset,
792 3833 916 3900 Nonius
935 3831 996 3898 hoc
1017 3852 1114 3900 versu
1137 3855 1218 3899 nonw

102 3932 317 4020 utnusquam
339 3935 396 4001 illo
421 3937 462 4002 de
483 3956 546 4020 quo
569 3943 643 4022 post
664 3936 707 4002 43
734 3937 858 4002 dicetur
887 3955 964 4002 usus
994 3942 1099 4002 esset:
1126 3955 1202 4002 nam

102 4041 180 4102 recte
201 4038 349 4121 quadrati
372 4045 550 4124 corrector,
574 4039 669 4122 Itali,
692 4039 922 4125 impressique,
945 4039 1145 4106 Fssvnan.
1169 4041 1202 4106 in

102 4133 178 4203 libro
194 4161 238 4225 111,
251 4141 315 4208 200
336 4140 495 4225 oblongus
507 4142 670 4228 fruuntur
680 4191 689 4224 ‚
712 4140 888 4226 quadratus
901 4143 1098 4228 seruentur.

180 4241 231 4307 42.
265 4244 318 4310 43.
355 4241 548 4310 Sossrnrrs
585 4265 726 4308 nnenrs
764 4265 919 4309 errennr
956 4265 1200 4310 cossennrnr·

102 4361 194 4430 ras,
237 4344 413 4414 Ossaeus
456 4367 567 4410 naurs
611 4369 796 4413 rnnsruns
840 4368 1079 4420 rsn1nnncnn
1122 4371 1201 4412 nur-

102 4464 214 4512 unnss
239 4498 247 4516 .
276 4448 443 4534 Oblongus
477 4471 711 4515 rnnsnnruss
746 4447 871 4516 duabus
904 4451 1019 4517 litteris
1054 4450 1094 4516 ab
1128 4451 1199 4535 ipso

102 4547 197 4632 primo
232 4551 363 4619 librario
402 4553 612 4638 supponatis:
651 4551 791 4620 schedae
826 4573 1000 4618 rrssross
1032 4601 1039 4618 .
1074 4551 1199 4618 Veneta
