3110 5146
308 383 371 447 390
838 379 881 444 Vl

307 553 491 640 arpcctost?
506 552 562 616 abt'
573 553 639 633 cis,
656 551 768 632 belua.
784 549 900 633 quibus
916 549 1087 633 gemellum
1104 549 1201 614 estin
1216 549 1361 615 Asinaria
1373 572 1403 632 u,

308 655 337 738 2,
351 655 390 719 31
408 655 504 719 Iubeo
520 667 549 719 te
570 655 691 718 salvere
706 637 829 718 summo
842 675 933 733 coco,
950 651 1057 736 quood
1076 653 1160 717 circs
1181 653 1301 718 colem.
1316 651 1405 739 Gym-

308 757 435 822 oocc’um
450 756 559 842 stupri
567 804 575 837 ,
595 754 731 820 salveto.
758 753 839 840 quid
869 754 959 840 aprio,
986 767 1088 820 coros
1120 756 1283 820 carceris?
1306 755 1406 838 ileque

308 858 388 925 nihil
410 857 452 924 cb
474 857 536 922 hcc
561 861 654 942 parte
680 855 834 941 praesidii
856 861 907 922 est
928 854 979 920 his
1004 856 1120 938 quibus
1143 856 1223 923 liceo
1244 855 1406 939 udscribo¹

308 963 367 1028 Est
395 973 423 1027 ct
444 959 616 1025 Athenaeis
642 961 678 1024 r‘o
705 959 887 1025 moestior:
902 957 1014 1024 debuit
1041 959 1126 1024 enin
1152 960 1248 1025 etritm
1273 977 1362 1042 esse,
1377 963 1409 1022 ut

213 1085 215 1090 ’
308 1062 407 1148 paulo
429 1067 503 1147 post
525 1061 588 1126 786
605 1062 664 1126 Est
686 1063 779 1126 ctiam
800 1062 925 1147 mopso
940 1060 1105 1126 Hclt'conr's
1125 1063 1282 1127 cwottdm
1302 1061 1407 1126 orbos.

309 1155 409 1249 quere
431 1163 484 1228 hic
505 1181 633 1247 quoque
655 1162 806 1230 librarios
821 1181 957 1248 peccare
979 1161 1086 1228 iudico
1100 1213 1108 1248 ,
1124 1182 1185 1230 nec
1206 1162 1317 1230 dubito
1339 1155 1416 1246 quin¹

309 1267 475 1333 Lucretius
498 1265 665 1350 scripserit
686 1265 745 1331 Est
767 1286 837 1329 cr.
862 1269 1002 1331 ceterum
1024 1283 1064 1330 ex
1087 1264 1138 1330 his
1160 1266 1337 1332 existimari
1356 1283 1410 1350 po

309 1375 372 1436 test
393 1387 490 1453 quem
513 1367 598 1434 salso
615 1367 780 1434 Beutleius
796 1367 947 1434 Terentio
969 1368 1030 1434 hoc
1044 1382 1073 1434 ct
1094 1387 1153 1452 pro
1169 1371 1265 1434 ccccm
1279 1368 1411 1454 positum

309 1481 358 1540 ter
380 1477 535 1556 quaterve
557 1467 749 1536 adfinxcrit.

396 1573 468 1640 754.
493 1593 654 1638 cnsrun.
671 1573 725 1638 Sic
752 1572 950 1656 quadratus.
966 1573 1000 1636 in
1033 1571 1172 1658 oblongo
1193 1574 1303 1658 prims
1322 1591 1412 1638 manu

311 1677 445 1744 videbor
468 1675 545 1741 mihi
567 1677 677 1758 legere
697 1675 836 1740 elotum:
852 1680 1011 1742 corrector
1032 1674 1110 1740 fecit
1132 1675 1307 1742 Gssrnn.

397 1778 469 1845 755.
493 1777 567 1843 Seu
589 1798 737 1842 urruns
759 1798 846 1841 noer
869 1797 960 1842 orus
979 1797 1128 1842 srrrcrr
1149 1799 1232 1843 rrsn
1255 1799 1411 1844 sunere.

311 1882 372 1948 Hic
398 1881 503 1966 prime
529 1880 665 1947 offensio
692 1881 726 1946 in
754 1879 844 1946 hiatu
867 1886 936 1965 est,
952 1879 1003 1945 cui
1030 1881 1156 1947 nullum
1181 1882 1414 1948 similem-esso

310 1985 410 2071 paulo
432 1989 508 2051 ente
523 1983 565 2050 ad
588 2003 717 2049 versum
733 1983 796 2050 743
818 1982 906 2048 dixi.
923 1983 1080 2050 Aventius
1102 1985 1214 2051 vitium
1233 1985 1316 2051 vitio
1330 1984 1413 2051 rede

311 2089 387 2172 mit,
405 2107 476 2152 cum
499 2086 629 2171 scripsit
650 2084 715 2152 Sed
734 2099 853 2151 cotnra
880 2086 944 2152 locr'
962 2087 1017 2152 lroc
1039 2111 1140 2174 opos:
1154 2107 1229 2153 nem
1254 2087 1415 2154 Lucretius

310 2189 470 2258 vocabule
489 2187 591 2254 ‘iambi
613 2188 706 2271 pedis
727 2207 879 2254 mensura
901 2187 1153 2274 comprehense,
1168 2208 1254 2272 quae
1276 2191 1312 2256 in
1326 2207 1415 2256 vocc-

312 2295 376 2360 lcm
391 2292 563 2375 desinunt,
580 2290 788 2376 concopulat
802 2309 873 2357 cum
890 2291 1068 2374 insequenti
1081 2293 1207 2358 vocali.
1225 2291 1308 2378 quid
1319 2293 1416 2376 ergo?

312 2396 417 2474 hiatus
440 2393 569 2459 facilius
590 2391 667 2458 ferri
689 2397 796 2476 potest
811 2411 906 2476 quarn
923 2393 1037 2477 elisio,
1053 2393 1243 2479 praesertim
1267 2401 1416 2482 sequente

312 2498 418 2584 voepli
446 2496 557 2562 brevi.
573 2501 608 2560 nt
634 2513 811 2580 pronomen
836 2495 980 2580 postulat
1008 2496 1188 2562 sententis.
1204 2499 1251 2562 ite
1279 2505 1347 2566 est:
1362 2495 1415 2564 sed

311 2599 463 2686 repudiat
477 2622 576 2684 opus,
592 2598 654 2662 nisi
670 2595 754 2662 torte
776 2597 936 2663 nomicum
952 2617 1032 2684 opus
1048 2599 1190 2665 dicemus
1213 2619 1290 2668 esse
1312 2619 1415 2667 eorum

312 2703 424 2787 fugam
446 2707 478 2768 et
500 2700 696 2794 discessum.
712 2700 780 2764 scio
795 2699 926 2783 quidem
945 2725 1024 2788 opos
1045 2721 1105 2786 pro
1121 2701 1236 2768 ellectu
1260 2704 1346 2786 diei,
1362 2701 1415 2768 sod

312 2806 353 2872 de
376 2825 410 2871 re
426 2821 565 2890 operose
587 2807 619 2866 et
633 2803 743 2884 magni
764 2801 958 2887 moliminis,
974 2809 1009 2868 ut
1030 2805 1063 2869 in
1086 2805 1416 2892 1Luoretii153for-

310 2908 397 2974 mido
409 2906 553 2974 mortalis
564 2906 822 2989 correctioninis,
835 2905 1032 2985 Quodmulto
1043 2909 1078 2973 t'rt
1090 2910 1266 2994 ternsficri
1273 2910 1416 2995 coeloque
1535 2923 1536 2932 ’

311 3021 459 3092 tuentur,
483 3009 622 3088 Quorum
644 3031 773 3094 operum
794 3031 909 3074 caucos
929 3043 992 3093 ·-,
1008 3015 1040 3075 et
1062 3011 1095 3075 iu
1117 3011 1224 3077 Aetne
1246 3011 1363 3078 Lucilii
1377 3009 1416 3076 25

311 3115 377 3194 Qui
385 3125 470 3178 tanto
482 3124 583 3176 motus
598 3113 691 3197 operi
692 3160 700 3193 ,
714 3133 795 3196 quac
803 3135 904 3175 cauca
910 3111 1062 3196 perccm'e
1073 3114 1222 3199 Eoeptr'cet
1235 3118 1416 3183 immeritum

301 3217 455 3301 flammas
471 3221 502 3279 et
524 3218 652 3296 cetere,
669 3217 701 3278 et
715 3209 836 3276 ibidem
850 3211 966 3278 iterum
981 3214 1040 3280 115
1056 3214 1098 3280 de
1112 3234 1149 3281 re
1162 3235 1285 3300 magua
1299 3243 1361 3284 noo
1376 3231 1416 3282 est

311 3319 361 3382 tic
384 3341 482 3382 causo
497 3314 658 3397 docenda,
673 3316 759 3380 Dum
775 3327 832 3380 stet
847 3339 925 3401 opus
944 3341 1079 3384 causae.
1095 3337 1191 3401 quem
1206 3319 1247 3386 ob
1264 3341 1333 3387 rem
1348 3319 1416 3385 huic

311 3422 382 3485 loco
405 3437 446 3484 ne
468 3418 530 3484 hoc
550 3417 679 3500 quidem
703 3417 875 3484 convenire
897 3417 1131 3502 indicabimus,
1147 3420 1213 3487 Sed
1235 3435 1354 3488 natura
1376 3423 1415 3488 lo

311 3545 427 3608 crusque
443 3545 521 3607 opus
537 3520 633 3606 efficit
648 3522 735 3606 ipsc,
751 3519 810 3585 sed
826 3522 930 3606 opertis
945 3519 1136 3586 vocabulum
1151 3529 1226 3589 ante
1241 3526 1352 3590 omnic
1366 3525 1414 3590 de·

311 3624 468 3706 lebimus‚
485 3643 549 3688 non
572 3627 679 3688 lamen
702 3623 749 3688 ita
770 3627 806 3686 ut
828 3623 860 3687 in
883 3623 952 3688 eius
974 3623 1078 3688 locum
1101 3623 1181 3690 nihil
1201 3625 1414 3708 sufficiantne

311 3727 398 3810 quod
422 3745 492 3790 cunr
515 3724 714 3807 neglexisset
728 3725 761 3789 in
784 3723 926 3810 quadam
941 3725 1096 3791 Varronis
1111 3729 1271 3796 sententie
1286 3729 1324 3796 Ο.
1340 3729 1413 3794 llll-

311 3829 417 3912 lcrus,
434 3847 561 3893 omnem
588 3846 656 3892 rem
686 3845 759 3892 sese
784 3834 970 3912 pervertere
998 3827 1071 3892 non'
1090 3831 1214 3895 sensit.
1238 3831 1280 3898 de
1306 3832 1415 3914 lingue

311 3931 428 3997 Latine
455 3929 538 3996 libro
555 3949 599 3992 vn
625 3949 658 4014 p.
669 3929 733 3996 283
760 3929 840 3996 haec
868 3929 966 3996 habet
992 3931 1197 3998 Florentinus
1225 3933 1414 4000 codennec

310 4035 446 4115 mirum,
463 4057 533 4099 cum
547 4057 610 4099 coc
631 4032 721 4099 morlo
736 4031 946 4119 Epamcnt'dr's
968 4053 1048 4096 osus
1067 4049 1140 4120 post
1161 4059 1261 4101 annos
1277 4057 1297 4100 r.
1311 4059 1413 4123 carper-

310 4149 414 4201 reotus
435 4159 457 4199 o
477 4136 585 4201 multos
601 4157 663 4200 oon
685 4148 891 4221 coporoscator
901 4185 910 4218 ‚
926 4134 984 4201 scd
997 4137 1090 4200 stoicon
1108 4137 1226 4204 Teucer
1242 4141 1334 4205 Lt'cic'
1346 4149 1414 4226 post

310 4257 357 4301 x11
372 4261 472 4303 occos
488 4239 527 4302 ab
541 4239 609 4303 eccs
625 4238 685 4322 qui
695 4237 737 4302 eit
747 4237 929 4323 ipooretcr.
944 4237 1300 4320 Lagomarsiuotamen
1312 4240 1412 4326 potius

310 4340 462 4426 apparuit
473 4363 546 4427 opes
554 4389 563 4422 ,
576 4339 638 4403 nisi
650 4337 736 4421 quod
750 4337 779 4404 ei
793 4340 898 4423 prima
909 4345 941 4404 et
951 4339 1046 4405 tertia
1058 4341 1164 4406 littere
1175 4341 1315 4408 insonae
1327 4341 1413 4406 visse

311 4449 405 4507 sunt:
421 4443 494 4508 huic
509 4441 772 4526 superscriptum
788 4443 864 4508 olim
887 4443 988 4509 luisse
1003 4443 1096 4527 quasi
1116 4469 1157 4510 m.
1174 4446 1239 4510 lam
1253 4441 1333 4510 illud
1348 4465 1412 4528 coy-

310 4556 459 4608 ooscator
474 4549 619 4628 tempore
634 4552 804 4628 praesente
819 4545 958 4630 positum
975 4543 1115 4612 ostendit
1126 4547 1288 4632 scriptoris
1299 4561 1411 4612 nomen
