3020 5146
546 463 574 526 V

33 635 116 700 unniu
135 633 236 698 nativo
258 654 298 699 aa
320 635 444 699 mortali
468 654 601 718 serpere
624 640 790 718 ennstant,

33 747 105 814 lebet
123 749 226 814 eedem
250 748 352 815 omnis
375 746 484 812 mundi
507 753 621 812 natura
643 748 767 832 putari.

33 863 122 946 qnippe
143 863 274 948 etenim,
292 875 434 945 quorum¹
447 862 547 946 partis
570 868 601 928 et
622 863 765 928 membra
786 861 931 930 videmus

33 997 134 1059 corpere
155 978 257 1043 nativo
281 999 320 1043 ae
341 977 527 1042 mortalibus
549 995 620 1044 esse
643 976 772 1058 liguris,

33 1089 211 1178 laeeqeadem
232 1091 333 1158 ferme
356 1091 504 1158 mortalia
527 1091 683 1156 cernimus
707 1111 778 1156 esse

33 1211 56 1268 et
72 1207 159 1270 nativa
180 1207 291 1271 sirnnl.
309 1225 374 1290 qua
396 1211 526 1291 propter
548 1204 687 1270 maxima
708 1205 818 1271 mnndi

33 1339 83 1381 eun
100 1319 214 1386 rideam
237 1321 380 1386 membra
402 1341 441 1385 ae
463 1319 564 1404 partis
586 1326 774 1403 consumpta
795 1322 939 1406 regigni,

33 1433 91 1498 scire
110 1433 175 1500 lieet
194 1435 275 1500 eaeli
298 1455 426 1518 qnoque
447 1436 523 1500 item
546 1441 713 1515 terraeque
735 1431 834 1500 fuisse

33 1547 182 1632 principiale
203 1548 334 1632 aliquod
356 1555 481 1634 tempus
504 1548 694 1629 elademque
716 1547 873 1615 futuram.

57 1661 120 1725 lllnd
141 1661 170 1726 in
192 1663 241 1730 his
263 1665 361 1730 rebus
382 1683 423 1728 ne
447 1663 636 1748 corripuisse
660 1664 758 1727 rearis

33 1793 65 1838 ne
83 1776 165 1854 nihi,
180 1777 265 1859 qued
288 1785 407 1842 terram
430 1785 527 1860 atque
549 1778 655 1862 ignern
678 1777 827 1842 mortalia
847 1780 969 1863 sumpsi

33 1905 205 1973 nuncque
227 1911 371 1958 umorem
396 1891 538 1958 dubitavi
562 1911 723 1974 aurasque
745 1893 868 1975 perire,

33 2011 98 2084 uque
115 2005 221 2072 eadem
244 2007 336 2088 gigni
360 2025 532 2088 rursusque
554 2025 728 2090 augescere
750 2007 838 2086 dixi,

33 2117 147 2202 qineipie
168 2140 244 2204 pars
266 2122 365 2186 terrai
388 2141 451 2185 nun
474 2121 584 2199 nulla,
601 2129 730 2205 perusta

39 2229 117 2298 solibus
135 2234 300 2310 adsiduis,
317 2234 416 2298 multa
439 2235 565 2318 pulsata
587 2235 701 2320 pedum
724 2221 777 2322 vi,

38 2344 132 2424 pulveris
152 2349 286 2415 exhalat
307 2347 457 2414 nebulam
480 2350 644 2432 nubesque
667 2351 826 2430 volantis,

36 2479 87 2538 quas
102 2463 190 2528 validi
211 2471 281 2530 toto
305 2462 494 2546 dispergunt
516 2472 591 2531 edre
614 2465 717 2531 venti.

33 2577 182 2654 persenam
204 2578 374 2664 glebarum
397 2578 441 2643 ad
463 2578 614 2645 diluviem
637 2588 806 2647 renouatur

33 2683 163 2776 imbribus,
179 2701 210 2758 et
232 2692 323 2776 ripas
345 2693 492 2759 radentia
513 2691 643 2758 flumina
665 2696 801 2761 rodunt.

34 2811 159 2882 ruelerea
179 2827 237 2892 pro
261 2813 354 2891 parte
376 2826 455 2884 sua,
472 2805 557 2891 quod
581 2825 714 2891 eumque
737 2810 804 2874 alid
827 2817 944 2893 anget,

34 2915 149 2984 additu:
165 2931 196 2988 et
218 2922 371 3005 quoniam
395 2921 493 2988 dubie
516 2923 625 3006 procul
648 2941 720 2989 esse
742 2924 869 2990 videtur
1018 2914 1021 2920 ’

34 3033 193 3118 luniparens
216 3038 331 3104 eadem
354 3053 459 3102 rerum
483 3055 649 3103 commune
672 3039 873 3124 sepulerum,

34 3161 79 3226 ugo
97 3155 173 3216 terra
193 3153 252 3217 tibi
276 3152 394 3217 libatur
416 3157 448 3215 et
470 3157 564 3216 aucta
586 3154 753 3220 reereseit.

51 3261 122 3336 Quod
143 3287 236 3352 snper
259 3273 452 3349 est,un10re
476 3285 557 3331 nevo
581 3287 668 3331 mare
690 3267 822 3334 flumina
844 3267 949 3335 lentes

34 3391 119 3460 anper
138 3381 302 3448 abundare
324 3387 357 3445 et
377 3381 489 3446 latices
513 3401 643 3445 manare
664 3382 816 3466 perennis

34 3487 54 3550 il
71 3511 137 3576 epus
157 3503 206 3561 est
228 3495 355 3562 verbis:
371 3515 507 3579 magnus
530 3495 684 3562 deeursus
706 3517 859 3579 aquarum

34 3603 130 3687 indique
152 3608 315 3676 declarat.
331 3609 389 3674 sed
410 3609 545 3694 primurn
570 3610 720 3693 quiequid
741 3613 839 3693 aquai
974 3589 978 3596 ¹

34 3715 132 3806 ellitur,
147 3725 178 3789 in
201 3743 388 3807 summaque
410 3723 501 3814 litut
522 3724 567 3788 nil
589 3745 681 3790 umor
699 3724 864 3812 abundet,

34 3833 108 3898 rrrdn
130 3839 212 3921 qnod
236 3839 335 3904 validi
358 3844 519 3905 verrentes
542 3857 684 3921 aequora
706 3842 792 3906 venti

34 3937 168 4018 lininunnt
190 3953 356 4037 radiisque
379 3959 527 4020 retexens
549 3952 708 4020 aetherius
730 3954 799 4038 sol,

34 4061 108 4132 anim
130 4069 214 4149 quod
236 4075 346 4154 supter
367 4087 425 4152 per
447 4073 549 4134 terras
572 4067 690 4134 diditur
710 4069 834 4135 ominis:

35 4178 172 4246 ›ereolatur
194 4184 279 4250 enim
302 4183 409 4268 virus,
426 4189 573 4266 retroque
595 4191 742 4250 remanat

35 4325 73 4339 '¹=--
79 4335 98 4342 .-

35 4417 61 4464 u
76 4425 151 4476 auem
171 4425 184 4495 q
204 4431 253 4480 241
274 4429 387 4480 nativos
407 4427 420 4498 q
442 4399 492 4480 sis
511 4427 577 4482 uem
598 4425 613 4500 q
633 4431 681 4484 rur
702 4429 755 4484 uu
774 4427 787 4500 q
808 4433 859 4484 ‘264
878 4431 1001 4500 qunque
