<?xml version="1.0" encoding="UTF-8"?>
<!DOCTYPE html PUBLIC "-//W3C//DTD XHTML 1.0 Transitional//EN"
    "http://www.w3.org/TR/xhtml1/DTD/xhtml1-transitional.dtd">
<html xmlns="http://www.w3.org/1999/xhtml" xml:lang="en" lang="en">
 <head>
  <title>
</title>
<meta http-equiv="Content-Type" content="text/html;charset=utf-8" />
  <meta name='ocr-system' content='tesseract 3.04.00' />
  <meta name='ocr-capabilities' content='ocr_page ocr_carea ocr_par ocr_line ocrx_word'/>
</head>
<body>
  <div class='ocr_page' id='page_1' title='image "./tlucreticarider24carugoog_0176.png"; bbox 0 0 3020 5146; ppageno 0'>
   <div class='ocr_carea' id='block_1_1' title="bbox 179 0 703 1">
    <p class='ocr_par' dir='ltr' id='par_1_1' title="bbox 179 0 703 1">
     <span class='ocr_line' id='line_1_1' title="bbox 179 0 703 1; baseline 0 0"><span class='ocrx_word' id='word_1_1' title='bbox 179 0 703 1; x_wconf 95' lang='lat' dir='ltr'> </span> 
     </span>
    </p>
   </div>
   <div class='ocr_carea' id='block_1_2' title="bbox 551 475 579 540">
    <p class='ocr_par' dir='ltr' id='par_1_2' title="bbox 551 475 579 540">
     <span class='ocr_line' id='line_1_2' title="bbox 551 475 579 540; baseline 0 0"><span class='ocrx_word' id='word_1_2' title='bbox 551 475 579 540; x_wconf 90' lang='lat' dir='ltr'>V</span> 
     </span>
    </p>
   </div>
   <div class='ocr_carea' id='block_1_3' title="bbox 34 647 977 4145">
    <p class='ocr_par' dir='ltr' id='par_1_3' title="bbox 34 647 801 733">
     <span class='ocr_line' id='line_1_3' title="bbox 34 647 801 733; baseline -0.004 -19"><span class='ocrx_word' id='word_1_3' title='bbox 34 651 57 714; x_wconf 88' lang='lat' dir='ltr'>iu</span> <span class='ocrx_word' id='word_1_4' title='bbox 75 647 166 713; x_wconf 89' lang='lat' dir='ltr'>medie</span> <span class='ocrx_word' id='word_1_5' title='bbox 187 654 220 712; x_wconf 91' lang='lat' dir='ltr'>ut</span> <span class='ocrx_word' id='word_1_6' title='bbox 241 648 394 733; x_wconf 87' lang='lat' dir='ltr'>propulsa</span> <span class='ocrx_word' id='word_1_7' title='bbox 414 667 473 714; x_wconf 92' lang='lat' dir='ltr'>suo</span> <span class='ocrx_word' id='word_1_8' title='bbox 497 648 661 714; x_wconf 86' lang='lat' dir='ltr'>eondense</span> <span class='ocrx_word' id='word_1_9' title='bbox 683 648 801 732; x_wconf 87' lang='lat' dir='ltr'>eoiret,</span> 
     </span>
    </p>

    <p class='ocr_par' dir='ltr' id='par_1_4' title="bbox 34 742 857 858">
     <span class='ocr_line' id='line_1_4' title="bbox 34 742 857 858; baseline 0 -32"><span class='ocrx_word' id='word_1_10' title='bbox 34 742 84 826; x_wconf 76' lang='lat' dir='ltr'>lain</span> <span class='ocrx_word' id='word_1_11' title='bbox 104 763 200 845; x_wconf 82' lang='lat' dir='ltr'>magis</span> <span class='ocrx_word' id='word_1_12' title='bbox 221 782 390 847; x_wconf 81' lang='lat' dir='ltr'>expressus</span> <span class='ocrx_word' id='word_1_13' title='bbox 413 763 518 858; x_wconf 71' lang='lat' dir='ltr'>salsus</span> <span class='ocrx_word' id='word_1_14' title='bbox 540 761 580 828; x_wconf 89' lang='lat' dir='ltr'>de</span> <span class='ocrx_word' id='word_1_15' title='bbox 602 782 736 846; x_wconf 85' lang='lat' dir='ltr'>corpure</span> <span class='ocrx_word' id='word_1_16' title='bbox 759 763 857 826; x_wconf 87' lang='lat' dir='ltr'>sudor</span> 
     </span>
    </p>

    <p class='ocr_par' dir='ltr' id='par_1_5' title="bbox 34 875 838 961">
     <span class='ocr_line' id='line_1_5' title="bbox 34 875 838 961; baseline 0 -21"><span class='ocrx_word' id='word_1_17' title='bbox 34 877 149 958; x_wconf 79' lang='lat' dir='ltr'>augebat</span> <span class='ocrx_word' id='word_1_18' title='bbox 169 897 262 943; x_wconf 87' lang='lat' dir='ltr'>mare·</span> <span class='ocrx_word' id='word_1_19' title='bbox 275 875 439 943; x_wconf 86' lang='lat' dir='ltr'>manando</span> <span class='ocrx_word' id='word_1_20' title='bbox 461 895 655 961; x_wconf 86' lang='lat' dir='ltr'>eamposque</span> <span class='ocrx_word' id='word_1_21' title='bbox 678 877 838 954; x_wconf 74' lang='lat' dir='ltr'>natantis,</span> 
     </span>
    </p>

    <p class='ocr_par' dir='ltr' id='par_1_6' title="bbox 35 991 886 1076">
     <span class='ocr_line' id='line_1_6' title="bbox 35 991 886 1076; baseline -0.007 -18"><span class='ocrx_word' id='word_1_22' title='bbox 35 1005 57 1058; x_wconf 88' lang='lat' dir='ltr'>et</span> <span class='ocrx_word' id='word_1_23' title='bbox 73 1001 149 1057; x_wconf 87' lang='lat' dir='ltr'>tanto</span> <span class='ocrx_word' id='word_1_24' title='bbox 168 991 272 1072; x_wconf 85' lang='lat' dir='ltr'>magis</span> <span class='ocrx_word' id='word_1_25' title='bbox 294 991 350 1055; x_wconf 87' lang='lat' dir='ltr'>illa</span> <span class='ocrx_word' id='word_1_26' title='bbox 372 991 458 1056; x_wconf 81' lang='lat' dir='ltr'>toras</span> <span class='ocrx_word' id='word_1_27' title='bbox 482 991 596 1056; x_wconf 87' lang='lat' dir='ltr'>elabsa</span> <span class='ocrx_word' id='word_1_28' title='bbox 618 991 771 1056; x_wconf 82' lang='lat' dir='ltr'>volabant</span> <span class='ocrx_word' id='word_1_29' title='bbox 883 1066 886 1076; x_wconf 22' lang='lat'>⁸</span> 
     </span>
    </p>

    <p class='ocr_par' dir='ltr' id='par_1_7' title="bbox 37 1105 837 1193">
     <span class='ocr_line' id='line_1_7' title="bbox 37 1105 837 1193; baseline -0.001 -22"><span class='ocrx_word' id='word_1_30' title='bbox 37 1127 144 1193; x_wconf 85' lang='lat' dir='ltr'>enrpma</span> <span class='ocrx_word' id='word_1_31' title='bbox 164 1107 259 1170; x_wconf 83' lang='lat' dir='ltr'>multa</span> <span class='ocrx_word' id='word_1_32' title='bbox 280 1105 409 1188; x_wconf 87' lang='lat' dir='ltr'>vaporis</span> <span class='ocrx_word' id='word_1_33' title='bbox 432 1111 463 1170; x_wconf 94' lang='lat' dir='ltr'>et</span> <span class='ocrx_word' id='word_1_34' title='bbox 484 1105 586 1188; x_wconf 72' lang='lat' dir='ltr'>aeris,</span> <span class='ocrx_word' id='word_1_35' title='bbox 602 1105 732 1186; x_wconf 86' lang='lat' dir='ltr'>altaque</span> <span class='ocrx_word' id='word_1_36' title='bbox 755 1105 837 1170; x_wconf 82' lang='lat' dir='ltr'>caeli</span> 
     </span>
    </p>

    <p class='ocr_par' dir='ltr' id='par_1_8' title="bbox 37 1218 813 1304">
     <span class='ocr_line' id='line_1_8' title="bbox 37 1218 813 1304; baseline 0.001 -23"><span class='ocrx_word' id='word_1_37' title='bbox 37 1219 183 1285; x_wconf 87' lang='lat' dir='ltr'>densebant</span> <span class='ocrx_word' id='word_1_38' title='bbox 204 1219 316 1304; x_wconf 82' lang='lat' dir='ltr'>procul</span> <span class='ocrx_word' id='word_1_39' title='bbox 338 1240 358 1282; x_wconf 86' lang='lat' dir='ltr'>a</span> <span class='ocrx_word' id='word_1_40' title='bbox 381 1218 471 1283; x_wconf 87' lang='lat' dir='ltr'>terris</span> <span class='ocrx_word' id='word_1_41' title='bbox 494 1218 649 1300; x_wconf 83' lang='lat' dir='ltr'>fulgentia</span> <span class='ocrx_word' id='word_1_42' title='bbox 671 1219 813 1303; x_wconf 87' lang='lat' dir='ltr'>templa.</span> 
     </span>
    </p>

    <p class='ocr_par' dir='ltr' id='par_1_9' title="bbox 36 1333 784 1417">
     <span class='ocr_line' id='line_1_9' title="bbox 36 1333 784 1417; baseline 0.003 -21"><span class='ocrx_word' id='word_1_43' title='bbox 36 1333 154 1398; x_wconf 81' lang='lat' dir='ltr'>sidebant</span> <span class='ocrx_word' id='word_1_44' title='bbox 174 1333 300 1417; x_wconf 82' lang='lat' dir='ltr'>campi.</span> <span class='ocrx_word' id='word_1_45' title='bbox 318 1333 504 1398; x_wconf 74' lang='lat' dir='ltr'>crescebant</span> <span class='ocrx_word' id='word_1_46' title='bbox 525 1334 687 1398; x_wconf 86' lang='lat' dir='ltr'>montibus</span> <span class='ocrx_word' id='word_1_47' title='bbox 710 1334 784 1398; x_wconf 87' lang='lat' dir='ltr'>altis</span> 
     </span>
    </p>

    <p class='ocr_par' dir='ltr' id='par_1_10' title="bbox 37 1447 867 1532">
     <span class='ocr_line' id='line_1_10' title="bbox 37 1447 867 1532; baseline 0.006 -23"><span class='ocrx_word' id='word_1_48' title='bbox 37 1467 176 1512; x_wconf 79' lang='lat' dir='ltr'>aseensus:</span> <span class='ocrx_word' id='word_1_49' title='bbox 192 1467 297 1532; x_wconf 89' lang='lat' dir='ltr'>neque</span> <span class='ocrx_word' id='word_1_50' title='bbox 321 1447 404 1512; x_wconf 90' lang='lat' dir='ltr'>enirn</span> <span class='ocrx_word' id='word_1_51' title='bbox 425 1455 574 1531; x_wconf 85' lang='lat' dir='ltr'>poterant</span> <span class='ocrx_word' id='word_1_52' title='bbox 595 1448 763 1514; x_wconf 78' lang='lat' dir='ltr'>subsidere</span> <span class='ocrx_word' id='word_1_53' title='bbox 786 1469 867 1514; x_wconf 81' lang='lat' dir='ltr'>saxa</span> 
     </span>
    </p>

    <p class='ocr_par' dir='ltr' id='par_1_11' title="bbox 35 1555 916 1760">
     <span class='ocr_line' id='line_1_11' title="bbox 35 1555 916 1647; baseline 0.002 -23"><span class='ocrx_word' id='word_1_54' title='bbox 35 1581 79 1625; x_wconf 85' lang='lat' dir='ltr'>ner</span> <span class='ocrx_word' id='word_1_55' title='bbox 96 1555 204 1646; x_wconf 82' lang='lat' dir='ltr'>puriter</span> <span class='ocrx_word' id='word_1_56' title='bbox 225 1563 415 1628; x_wconf 83' lang='lat' dir='ltr'>tantundem</span> <span class='ocrx_word' id='word_1_57' title='bbox 438 1582 547 1628; x_wconf 89' lang='lat' dir='ltr'>ornnes</span> <span class='ocrx_word' id='word_1_58' title='bbox 570 1563 774 1628; x_wconf 85' lang='lat' dir='ltr'>suueurnbere</span> <span class='ocrx_word' id='word_1_59' title='bbox 796 1563 916 1647; x_wconf 88' lang='lat' dir='ltr'>partis.</span> 
     </span>
     <span class='ocr_line' id='line_1_12' title="bbox 65 1675 823 1760; baseline 0.007 -22"><span class='ocrx_word' id='word_1_60' title='bbox 65 1675 106 1740; x_wconf 78' lang='lat' dir='ltr'>Sin</span> <span class='ocrx_word' id='word_1_61' title='bbox 125 1677 215 1758; x_wconf 83' lang='lat' dir='ltr'>igitur</span> <span class='ocrx_word' id='word_1_62' title='bbox 237 1685 345 1742; x_wconf 84' lang='lat' dir='ltr'>terrae</span> <span class='ocrx_word' id='word_1_63' title='bbox 368 1683 516 1742; x_wconf 89' lang='lat' dir='ltr'>eunereto</span> <span class='ocrx_word' id='word_1_64' title='bbox 541 1696 674 1760; x_wconf 83' lang='lat' dir='ltr'>corpure</span> <span class='ocrx_word' id='word_1_65' title='bbox 698 1677 823 1760; x_wconf 87' lang='lat' dir='ltr'>pondus</span> 
     </span>
    </p>

    <p class='ocr_par' dir='ltr' id='par_1_12' title="bbox 35 1791 940 1884">
     <span class='ocr_line' id='line_1_13' title="bbox 35 1791 940 1884; baseline 0.01 -35"><span class='ocrx_word' id='word_1_66' title='bbox 35 1791 165 1868; x_wconf 77' lang='lat' dir='ltr'>constitit,</span> <span class='ocrx_word' id='word_1_67' title='bbox 180 1797 274 1874; x_wconf 87' lang='lat' dir='ltr'>atque</span> <span class='ocrx_word' id='word_1_68' title='bbox 299 1791 403 1857; x_wconf 87' lang='lat' dir='ltr'>omnis</span> <span class='ocrx_word' id='word_1_69' title='bbox 425 1791 536 1856; x_wconf 92' lang='lat' dir='ltr'>mundi</span> <span class='ocrx_word' id='word_1_70' title='bbox 558 1792 649 1872; x_wconf 80' lang='lat' dir='ltr'>quasi</span> <span class='ocrx_word' id='word_1_71' title='bbox 673 1791 767 1857; x_wconf 89' lang='lat' dir='ltr'>limus</span> <span class='ocrx_word' id='word_1_72' title='bbox 789 1793 822 1856; x_wconf 92' lang='lat' dir='ltr'>in</span> <span class='ocrx_word' id='word_1_73' title='bbox 844 1793 940 1884; x_wconf 86' lang='lat' dir='ltr'>inrum</span> 
     </span>
    </p>

    <p class='ocr_par' dir='ltr' id='par_1_13' title="bbox 36 1903 843 1988">
     <span class='ocr_line' id='line_1_14' title="bbox 36 1903 843 1988; baseline 0.005 -22"><span class='ocrx_word' id='word_1_74' title='bbox 36 1903 155 1970; x_wconf 77' lang='lat' dir='ltr'>confluxit</span> <span class='ocrx_word' id='word_1_75' title='bbox 174 1907 281 1988; x_wconf 84' lang='lat' dir='ltr'>gravis</span> <span class='ocrx_word' id='word_1_76' title='bbox 306 1911 339 1971; x_wconf 89' lang='lat' dir='ltr'>et</span> <span class='ocrx_word' id='word_1_77' title='bbox 361 1903 506 1970; x_wconf 82' lang='lat' dir='ltr'><strong>subsedit</strong></span> <span class='ocrx_word' id='word_1_78' title='bbox 527 1905 671 1972; x_wconf 81' lang='lat' dir='ltr'>funditus</span> <span class='ocrx_word' id='word_1_79' title='bbox 694 1911 727 1970; x_wconf 95' lang='lat' dir='ltr'>ut</span> <span class='ocrx_word' id='word_1_80' title='bbox 748 1906 843 1984; x_wconf 85' lang='lat' dir='ltr'>faex;</span> 
     </span>
    </p>

    <p class='ocr_par' dir='ltr' id='par_1_14' title="bbox 36 2015 870 2106">
     <span class='ocr_line' id='line_1_15' title="bbox 36 2015 870 2106; baseline 0.008 -28"><span class='ocrx_word' id='word_1_81' title='bbox 36 2015 89 2080; x_wconf 89' lang='lat' dir='ltr'>iude</span> <span class='ocrx_word' id='word_1_82' title='bbox 109 2023 205 2094; x_wconf 78' lang='lat' dir='ltr'>mare,</span> <span class='ocrx_word' id='word_1_83' title='bbox 220 2020 301 2086; x_wconf 90' lang='lat' dir='ltr'>inde</span> <span class='ocrx_word' id='word_1_84' title='bbox 323 2028 397 2103; x_wconf 71' lang='lat' dir='ltr'>adr,</span> <span class='ocrx_word' id='word_1_85' title='bbox 415 2019 489 2084; x_wconf 88' lang='lat' dir='ltr'>inde</span> <span class='ocrx_word' id='word_1_86' title='bbox 512 2018 621 2084; x_wconf 86' lang='lat' dir='ltr'>aethei·</span> <span class='ocrx_word' id='word_1_87' title='bbox 643 2020 760 2104; x_wconf 85' lang='lat' dir='ltr'>ignifer</span> <span class='ocrx_word' id='word_1_88' title='bbox 781 2022 870 2106; x_wconf 89' lang='lat' dir='ltr'>ipse.</span> 
     </span>
    </p>

    <p class='ocr_par' dir='ltr' id='par_1_15' title="bbox 39 2133 820 2331">
     <span class='ocr_line' id='line_1_16' title="bbox 39 2133 820 2218; baseline 0.012 -28"><span class='ocrx_word' id='word_1_89' title='bbox 39 2133 186 2214; x_wconf 71' lang='lat' dir='ltr'>corporibus</span> <span class='ocrx_word' id='word_1_90' title='bbox 207 2134 340 2217; x_wconf 82' lang='lat' dir='ltr'>liquidis</span> <span class='ocrx_word' id='word_1_91' title='bbox 363 2141 437 2198; x_wconf 91' lang='lat' dir='ltr'>sunt</span> <span class='ocrx_word' id='word_1_92' title='bbox 459 2134 565 2199; x_wconf 86' lang='lat' dir='ltr'>omnia</span> <span class='ocrx_word' id='word_1_93' title='bbox 587 2155 669 2218; x_wconf 88' lang='lat' dir='ltr'>pura</span> <span class='ocrx_word' id='word_1_94' title='bbox 691 2136 820 2200; x_wconf 82' lang='lat' dir='ltr'>relicta:</span> 
     </span>
     <span class='ocr_line' id='line_1_17' title="bbox 46 2245 817 2331; baseline 0.016 -28"><span class='ocrx_word' id='word_1_95' title='bbox 46 2245 179 2313; x_wconf 74' lang='lat' dir='ltr'>eeleriora</span> <span class='ocrx_word' id='word_1_96' title='bbox 201 2249 277 2314; x_wconf 81' lang='lat' dir='ltr'>eliis</span> <span class='ocrx_word' id='word_1_97' title='bbox 300 2248 384 2331; x_wconf 89' lang='lat' dir='ltr'>alia,</span> <span class='ocrx_word' id='word_1_98' title='bbox 402 2254 434 2312; x_wconf 92' lang='lat' dir='ltr'>et</span> <span class='ocrx_word' id='word_1_99' title='bbox 455 2247 685 2330; x_wconf 79' lang='lat' dir='ltr'>liquidissimus</span> <span class='ocrx_word' id='word_1_100' title='bbox 707 2249 817 2315; x_wconf 79' lang='lat' dir='ltr'>aether</span> 
     </span>
    </p>

    <p class='ocr_par' dir='ltr' id='par_1_16' title="bbox 45 2362 812 2449">
     <span class='ocr_line' id='line_1_18' title="bbox 45 2362 812 2449; baseline 0.022 -35"><span class='ocrx_word' id='word_1_101' title='bbox 45 2365 108 2438; x_wconf 60' lang='lat' dir='ltr'>atique</span> <span class='ocrx_word' id='word_1_102' title='bbox 123 2364 303 2430; x_wconf 86' lang='lat' dir='ltr'>levissimus</span> <span class='ocrx_word' id='word_1_103' title='bbox 325 2362 430 2427; x_wconf 82' lang='lat' dir='ltr'>a&#39;e&#39;rias</span> <span class='ocrx_word' id='word_1_104' title='bbox 453 2383 549 2448; x_wconf 83' lang='lat' dir='ltr'>super</span> <span class='ocrx_word' id='word_1_105' title='bbox 572 2363 674 2430; x_wconf 87' lang='lat' dir='ltr'>influit</span> <span class='ocrx_word' id='word_1_106' title='bbox 697 2385 812 2449; x_wconf 86' lang='lat' dir='ltr'>auras,</span> 
     </span>
    </p>

    <p class='ocr_par' dir='ltr' id='par_1_17' title="bbox 44 2475 815 2561">
     <span class='ocr_line' id='line_1_19' title="bbox 44 2475 815 2561; baseline 0.013 -27"><span class='ocrx_word' id='word_1_107' title='bbox 44 2487 82 2536; x_wconf 83' lang='lat' dir='ltr'>uer</span> <span class='ocrx_word' id='word_1_108' title='bbox 97 2475 238 2558; x_wconf 89' lang='lat' dir='ltr'>liquidum</span> <span class='ocrx_word' id='word_1_109' title='bbox 261 2497 380 2561; x_wconf 84' lang='lat' dir='ltr'>eorpus</span> <span class='ocrx_word' id='word_1_110' title='bbox 403 2477 600 2544; x_wconf 82' lang='lat' dir='ltr'>turbantibus</span> <span class='ocrx_word' id='word_1_111' title='bbox 623 2480 706 2544; x_wconf 70' lang='lat' dir='ltr'>aeris</span> <span class='ocrx_word' id='word_1_112' title='bbox 730 2480 815 2544; x_wconf 86' lang='lat' dir='ltr'>auris</span> 
     </span>
    </p>

    <p class='ocr_par' dir='ltr' id='par_1_18' title="bbox 41 2589 770 2660">
     <span class='ocr_line' id='line_1_20' title="bbox 41 2589 770 2660; baseline 0.018 -15"><span class='ocrx_word' id='word_1_113' title='bbox 41 2589 203 2656; x_wconf 74' lang='lat' dir='ltr'>tumuisset.</span> <span class='ocrx_word' id='word_1_114' title='bbox 220 2592 299 2657; x_wconf 91' lang='lat' dir='ltr'>sinit</span> <span class='ocrx_word' id='word_1_115' title='bbox 320 2591 371 2656; x_wconf 86' lang='lat' dir='ltr'>hie</span> <span class='ocrx_word' id='word_1_116' title='bbox 392 2591 540 2658; x_wconf 87' lang='lat' dir='ltr'>violentis</span> <span class='ocrx_word' id='word_1_117' title='bbox 563 2593 669 2657; x_wconf 87' lang='lat' dir='ltr'>omniu</span> <span class='ocrx_word' id='word_1_118' title='bbox 690 2594 770 2660; x_wconf 81' lang='lat' dir='ltr'>verti</span> 
     </span>
    </p>

    <p class='ocr_par' dir='ltr' id='par_1_19' title="bbox 38 2700 788 2790">
     <span class='ocr_line' id='line_1_21' title="bbox 38 2700 788 2790; baseline 0.02 -32"><span class='ocrx_word' id='word_1_119' title='bbox 38 2700 198 2790; x_wconf 84' lang='lat' dir='ltr'>turbinibus,</span> <span class='ocrx_word' id='word_1_120' title='bbox 214 2705 294 2770; x_wconf 87' lang='lat' dir='ltr'>sinit</span> <span class='ocrx_word' id='word_1_121' title='bbox 315 2705 445 2771; x_wconf 81' lang='lat' dir='ltr'>incertis</span> <span class='ocrx_word' id='word_1_122' title='bbox 467 2706 594 2772; x_wconf 86' lang='lat' dir='ltr'>turbare</span> <span class='ocrx_word' id='word_1_123' title='bbox 618 2707 788 2790; x_wconf 77' lang='lat' dir='ltr'>procellis,</span> 
     </span>
    </p>

    <p class='ocr_par' dir='ltr' id='par_1_20' title="bbox 38 2809 761 2904">
     <span class='ocr_line' id='line_1_22' title="bbox 38 2809 761 2904; baseline 0.014 -28"><span class='ocrx_word' id='word_1_124' title='bbox 38 2809 87 2894; x_wconf 82' lang='lat' dir='ltr'>ipse</span> <span class='ocrx_word' id='word_1_125' title='bbox 105 2837 171 2884; x_wconf 92' lang='lat' dir='ltr'>suos</span> <span class='ocrx_word' id='word_1_126' title='bbox 191 2821 277 2904; x_wconf 85' lang='lat' dir='ltr'>ignis</span> <span class='ocrx_word' id='word_1_127' title='bbox 301 2829 387 2886; x_wconf 87' lang='lat' dir='ltr'>eerto</span> <span class='ocrx_word' id='word_1_128' title='bbox 410 2822 471 2886; x_wconf 88' lang='lat' dir='ltr'>lert</span> <span class='ocrx_word' id='word_1_129' title='bbox 492 2821 606 2904; x_wconf 87' lang='lat' dir='ltr'>impete</span> <span class='ocrx_word' id='word_1_130' title='bbox 628 2821 761 2887; x_wconf 88' lang='lat' dir='ltr'>labens.</span> 
     </span>
    </p>

    <p class='ocr_par' dir='ltr' id='par_1_21' title="bbox 36 2931 915 3019">
     <span class='ocr_line' id='line_1_23' title="bbox 36 2931 915 3019; baseline 0.011 -31"><span class='ocrx_word' id='word_1_131' title='bbox 36 2947 90 2992; x_wconf 89' lang='lat' dir='ltr'>nam</span> <span class='ocrx_word' id='word_1_132' title='bbox 109 2934 224 3000; x_wconf 85' lang='lat' dir='ltr'>modice</span> <span class='ocrx_word' id='word_1_133' title='bbox 245 2935 346 3000; x_wconf 86' lang='lat' dir='ltr'>fluere</span> <span class='ocrx_word' id='word_1_134' title='bbox 368 2941 463 3017; x_wconf 87' lang='lat' dir='ltr'>atque</span> <span class='ocrx_word' id='word_1_135' title='bbox 486 2955 549 3000; x_wconf 88' lang='lat' dir='ltr'>uno</span> <span class='ocrx_word' id='word_1_136' title='bbox 572 2955 669 3019; x_wconf 87' lang='lat' dir='ltr'>posse</span> <span class='ocrx_word' id='word_1_137' title='bbox 692 2931 822 3000; x_wconf 78' lang='lat' dir='ltr'>aethe&#39;m</span> <span class='ocrx_word' id='word_1_138' title='bbox 843 2935 915 3000; x_wconf 89' lang='lat' dir='ltr'>nisu</span> 
     </span>
    </p>

    <p class='ocr_par' dir='ltr' id='par_1_22' title="bbox 35 3039 852 3132">
     <span class='ocr_line' id='line_1_24' title="bbox 35 3039 852 3132; baseline 0.01 -28"><span class='ocrx_word' id='word_1_139' title='bbox 35 3039 163 3122; x_wconf 83' lang='lat' dir='ltr'>signifieat</span> <span class='ocrx_word' id='word_1_140' title='bbox 183 3052 326 3132; x_wconf 88' lang='lat' dir='ltr'>Pontos,</span> <span class='ocrx_word' id='word_1_141' title='bbox 342 3068 431 3114; x_wconf 85' lang='lat' dir='ltr'>unere</span> <span class='ocrx_word' id='word_1_142' title='bbox 454 3055 539 3116; x_wconf 83' lang='lat' dir='ltr'>nerto</span> <span class='ocrx_word' id='word_1_143' title='bbox 563 3050 646 3131; x_wconf 81' lang='lat' dir='ltr'>quod</span> <span class='ocrx_word' id='word_1_144' title='bbox 670 3049 738 3114; x_wconf 88' lang='lat' dir='ltr'>fluit</span> <span class='ocrx_word' id='word_1_145' title='bbox 760 3055 852 3114; x_wconf 84' lang='lat' dir='ltr'>aestu</span> 
     </span>
    </p>

    <p class='ocr_par' dir='ltr' id='par_1_23' title="bbox 35 3161 973 3360">
     <span class='ocr_line' id='line_1_25' title="bbox 35 3161 785 3256; baseline 0.011 -38"><span class='ocrx_word' id='word_1_146' title='bbox 35 3173 108 3222; x_wconf 90' lang='lat' dir='ltr'>uuum</span> <span class='ocrx_word' id='word_1_147' title='bbox 128 3161 258 3228; x_wconf 88' lang='lat' dir='ltr'>labendi</span> <span class='ocrx_word' id='word_1_148' title='bbox 283 3183 477 3256; x_wconf 73' lang='lat' dir='ltr'>conservans</span> <span class='ocrx_word' id='word_1_149' title='bbox 500 3183 600 3246; x_wconf 87' lang='lat' dir='ltr'>usque</span> <span class='ocrx_word' id='word_1_150' title='bbox 623 3171 785 3230; x_wconf 87' lang='lat' dir='ltr'>tenerem.</span> 
     </span>
     <span class='ocr_line' id='line_1_26' title="bbox 63 3270 973 3360; baseline 0.005 -23"><span class='ocrx_word' id='word_1_151' title='bbox 63 3270 200 3357; x_wconf 79' lang='lat' dir='ltr'>[llutibus</span> <span class='ocrx_word' id='word_1_152' title='bbox 221 3283 381 3343; x_wconf 85' lang='lat' dir='ltr'>astrorum</span> <span class='ocrx_word' id='word_1_153' title='bbox 404 3297 490 3344; x_wconf 87' lang='lat' dir='ltr'>nune</span> <span class='ocrx_word' id='word_1_154' title='bbox 513 3297 596 3360; x_wconf 85' lang='lat' dir='ltr'>quae</span> <span class='ocrx_word' id='word_1_155' title='bbox 618 3279 659 3344; x_wconf 88' lang='lat' dir='ltr'>sit</span> <span class='ocrx_word' id='word_1_156' title='bbox 681 3297 780 3344; x_wconf 83' lang='lat' dir='ltr'>eausa</span> <span class='ocrx_word' id='word_1_157' title='bbox 802 3297 973 3344; x_wconf 86' lang='lat' dir='ltr'>eanaurus.</span> 
     </span>
    </p>

    <p class='ocr_par' dir='ltr' id='par_1_24' title="bbox 36 3385 755 3488">
     <span class='ocr_line' id='line_1_27' title="bbox 36 3385 755 3488; baseline 0.013 -40"><span class='ocrx_word' id='word_1_158' title='bbox 36 3385 161 3472; x_wconf 82' lang='lat' dir='ltr'>principio</span> <span class='ocrx_word' id='word_1_159' title='bbox 184 3411 321 3476; x_wconf 82' lang='lat' dir='ltr'>magnus</span> <span class='ocrx_word' id='word_1_160' title='bbox 344 3391 427 3488; x_wconf 80' lang='lat' dir='ltr'>caeli</span> <span class='ocrx_word' id='word_1_161' title='bbox 448 3393 474 3457; x_wconf 87' lang='lat' dir='ltr'>si</span> <span class='ocrx_word' id='word_1_162' title='bbox 498 3393 628 3458; x_wconf 88' lang='lat' dir='ltr'>vortitur</span> <span class='ocrx_word' id='word_1_163' title='bbox 649 3393 755 3470; x_wconf 83' lang='lat' dir='ltr'>orbis,</span> 
     </span>
    </p>

    <p class='ocr_par' dir='ltr' id='par_1_25' title="bbox 35 3506 827 3592">
     <span class='ocr_line' id='line_1_28' title="bbox 35 3506 827 3592; baseline 0.011 -27"><span class='ocrx_word' id='word_1_164' title='bbox 35 3515 63 3560; x_wconf 78' lang='lat' dir='ltr'>tx</span> <span class='ocrx_word' id='word_1_165' title='bbox 82 3513 202 3587; x_wconf 87' lang='lat' dir='ltr'>utraque</span> <span class='ocrx_word' id='word_1_166' title='bbox 224 3506 336 3591; x_wconf 88' lang='lat' dir='ltr'>pulum</span> <span class='ocrx_word' id='word_1_167' title='bbox 360 3507 441 3590; x_wconf 81' lang='lat' dir='ltr'>parti</span> <span class='ocrx_word' id='word_1_168' title='bbox 465 3526 610 3592; x_wconf 83' lang='lat' dir='ltr'>premere</span> <span class='ocrx_word' id='word_1_169' title='bbox 634 3515 711 3574; x_wconf 71' lang='lat' dir='ltr'>adra</span> <span class='ocrx_word' id='word_1_170' title='bbox 733 3507 827 3574; x_wconf 86' lang='lat' dir='ltr'>nubis</span> 
     </span>
    </p>

    <p class='ocr_par' dir='ltr' id='par_1_26' title="bbox 35 3609 977 3703">
     <span class='ocr_line' id='line_1_29' title="bbox 35 3609 977 3703; baseline 0.016 -31"><span class='ocrx_word' id='word_1_171' title='bbox 35 3609 173 3683; x_wconf 81' lang='lat' dir='ltr'>dicendum</span> <span class='ocrx_word' id='word_1_172' title='bbox 196 3630 244 3685; x_wconf 87' lang='lat' dir='ltr'>est</span> <span class='ocrx_word' id='word_1_173' title='bbox 267 3629 423 3702; x_wconf 81' lang='lat' dir='ltr'>extraque</span> <span class='ocrx_word' id='word_1_174' title='bbox 444 3627 552 3686; x_wconf 89' lang='lat' dir='ltr'>tenere</span> <span class='ocrx_word' id='word_1_175' title='bbox 574 3627 605 3686; x_wconf 91' lang='lat' dir='ltr'>et</span> <span class='ocrx_word' id='word_1_176' title='bbox 627 3620 776 3687; x_wconf 85' lang='lat' dir='ltr'>claudere</span> <span class='ocrx_word' id='word_1_177' title='bbox 800 3621 977 3703; x_wconf 84' lang='lat' dir='ltr'>utrimque;</span> 
     </span>
    </p>

    <p class='ocr_par' dir='ltr' id='par_1_27' title="bbox 36 3723 934 3818">
     <span class='ocr_line' id='line_1_30' title="bbox 36 3723 934 3818; baseline 0.014 -33"><span class='ocrx_word' id='word_1_178' title='bbox 36 3723 88 3792; x_wconf 88' lang='lat' dir='ltr'>lude</span> <span class='ocrx_word' id='word_1_179' title='bbox 105 3731 194 3798; x_wconf 82' lang='lat' dir='ltr'>aliurn</span> <span class='ocrx_word' id='word_1_180' title='bbox 217 3754 318 3818; x_wconf 82' lang='lat' dir='ltr'>supra</span> <span class='ocrx_word' id='word_1_181' title='bbox 337 3734 436 3800; x_wconf 89' lang='lat' dir='ltr'>fluere</span> <span class='ocrx_word' id='word_1_182' title='bbox 459 3741 556 3818; x_wconf 84' lang='lat' dir='ltr'>atque</span> <span class='ocrx_word' id='word_1_183' title='bbox 576 3735 741 3802; x_wconf 86' lang='lat' dir='ltr'>intendere</span> <span class='ocrx_word' id='word_1_184' title='bbox 764 3735 934 3814; x_wconf 89' lang='lat' dir='ltr'>deorsum,</span> 
     </span>
    </p>

    <p class='ocr_par' dir='ltr' id='par_1_28' title="bbox 37 3835 887 3934">
     <span class='ocr_line' id='line_1_31' title="bbox 37 3835 887 3934; baseline 0.011 -29"><span class='ocrx_word' id='word_1_185' title='bbox 37 3835 196 3913; x_wconf 79' lang='lat' dir='ltr'>birsellum</span> <span class='ocrx_word' id='word_1_186' title='bbox 219 3855 348 3934; x_wconf 84' lang='lat' dir='ltr'>supter,</span> <span class='ocrx_word' id='word_1_187' title='bbox 366 3855 477 3916; x_wconf 87' lang='lat' dir='ltr'>eontra</span> <span class='ocrx_word' id='word_1_188' title='bbox 501 3849 555 3932; x_wconf 89' lang='lat' dir='ltr'>qui</span> <span class='ocrx_word' id='word_1_189' title='bbox 578 3849 733 3916; x_wconf 83' lang='lat' dir='ltr'>subvehat</span> <span class='ocrx_word' id='word_1_190' title='bbox 756 3851 887 3932; x_wconf 81' lang='lat' dir='ltr'>orbem3</span> 
     </span>
    </p>

    <p class='ocr_par' dir='ltr' id='par_1_29' title="bbox 37 3956 871 4047">
     <span class='ocr_line' id='line_1_32' title="bbox 37 3956 871 4047; baseline 0.011 -28"><span class='ocrx_word' id='word_1_191' title='bbox 37 3961 59 4012; x_wconf 90' lang='lat' dir='ltr'>ut</span> <span class='ocrx_word' id='word_1_192' title='bbox 75 3956 172 4028; x_wconf 80' lang='lat' dir='ltr'>fluvios</span> <span class='ocrx_word' id='word_1_193' title='bbox 194 3983 323 4029; x_wconf 88' lang='lat' dir='ltr'>versare</span> <span class='ocrx_word' id='word_1_194' title='bbox 345 3971 433 4029; x_wconf 85' lang='lat' dir='ltr'>retes</span> <span class='ocrx_word' id='word_1_195' title='bbox 458 3973 555 4047; x_wconf 84' lang='lat' dir='ltr'>etque</span> <span class='ocrx_word' id='word_1_196' title='bbox 576 3971 683 4030; x_wconf 87' lang='lat' dir='ltr'>austra</span> <span class='ocrx_word' id='word_1_197' title='bbox 706 3963 871 4030; x_wconf 86' lang='lat' dir='ltr'>videmus.</span> 
     </span>
    </p>

    <p class='ocr_par' dir='ltr' id='par_1_30' title="bbox 38 4076 810 4145">
     <span class='ocr_line' id='line_1_33' title="bbox 38 4076 810 4145; baseline -0.001 -2"><span class='ocrx_word' id='word_1_198' title='bbox 38 4079 80 4143; x_wconf 76' lang='grc'>111</span> <span class='ocrx_word' id='word_1_199' title='bbox 98 4076 249 4144; x_wconf 79' lang='lat' dir='ltr'>volvenda</span> <span class='ocrx_word' id='word_1_200' title='bbox 270 4078 389 4145; x_wconf 73' lang='lat' dir='ltr'>micant</span> <span class='ocrx_word' id='word_1_201' title='bbox 409 4079 530 4144; x_wconf 85' lang='lat' dir='ltr'>aeterni</span> <span class='ocrx_word' id='word_1_202' title='bbox 553 4077 660 4144; x_wconf 88' lang='lat' dir='ltr'>sidera</span> <span class='ocrx_word' id='word_1_203' title='bbox 681 4079 810 4143; x_wconf 91' lang='lat' dir='ltr'>mundi.</span> 
     </span>
    </p>
   </div>
   <div class='ocr_carea' id='block_1_4' title="bbox 87 4243 207 4258">
    <p class='ocr_par' dir='ltr' id='par_1_31' title="bbox 87 4243 207 4258">
     <span class='ocr_line' id='line_1_34' title="bbox 87 4243 207 4258; baseline 0.033 -4"><span class='ocrx_word' id='word_1_204' title='bbox 87 4243 106 4250; x_wconf 60' lang='lat'>⁵·-</span> <span class='ocrx_word' id='word_1_205' title='bbox 114 4247 207 4258; x_wconf 56' lang='lat' dir='ltr'>-a—-nn</span> 
     </span>
    </p>
   </div>
   <div class='ocr_carea' id='block_1_5' title="bbox 37 4339 1126 4506">
    <p class='ocr_par' dir='ltr' id='par_1_32' title="bbox 37 4339 1126 4506">
     <span class='ocr_line' id='line_1_35' title="bbox 38 4339 1126 4424; baseline 0.013 -33"><span class='ocrx_word' id='word_1_206' title='bbox 38 4339 71 4384; x_wconf 78' lang='lat' dir='ltr'>tut</span> <span class='ocrx_word' id='word_1_207' title='bbox 89 4341 227 4400; x_wconf 80' lang='lat' dir='ltr'>Densebaut</span> <span class='ocrx_word' id='word_1_208' title='bbox 253 4349 266 4416; x_wconf 76' lang='lat' dir='ltr'>l}</span> <span class='ocrx_word' id='word_1_209' title='bbox 291 4354 341 4402; x_wconf 78' lang='lat'>500</span> <span class='ocrx_word' id='word_1_210' title='bbox 359 4351 437 4402; x_wconf 79' lang='lat' dir='ltr'>leuior</span> <span class='ocrx_word' id='word_1_211' title='bbox 462 4349 475 4420; x_wconf 73' lang='lat' dir='ltr'>ll</span> <span class='ocrx_word' id='word_1_212' title='bbox 497 4353 546 4402; x_wconf 79' lang='lat'>503</span> <span class='ocrx_word' id='word_1_213' title='bbox 566 4350 703 4402; x_wconf 81' lang='lat' dir='ltr'>Commisei</span> <span class='ocrx_word' id='word_1_214' title='bbox 725 4349 738 4420; x_wconf 73' lang='lat' dir='ltr'>ll</span> <span class='ocrx_word' id='word_1_215' title='bbox 757 4350 820 4402; x_wconf 85' lang='lat' dir='ltr'>haec</span> <span class='ocrx_word' id='word_1_216' title='bbox 841 4352 844 4420; x_wconf 82' lang='grc' dir='ltr'>Ι</span> <span class='ocrx_word' id='word_1_217' title='bbox 874 4356 923 4403; x_wconf 82' lang='grc'>501</span> <span class='ocrx_word' id='word_1_218' title='bbox 944 4363 1022 4418; x_wconf 88' lang='lat' dir='ltr'>ponto</span> <span class='ocrx_word' id='word_1_219' title='bbox 1043 4353 1056 4424; x_wconf 79' lang='grc' dir='ltr'>ΙΙ</span> <span class='ocrx_word' id='word_1_220' title='bbox 1076 4357 1126 4406; x_wconf 79' lang='grc'>513</span> 
     </span>
     <span class='ocr_line' id='line_1_36' title="bbox 37 4432 618 4506; baseline 0.003 -22"><span class='ocrx_word' id='word_1_221' title='bbox 37 4432 119 4479; x_wconf 41' lang='lat' dir='ltr'>eutem</span> <span class='ocrx_word' id='word_1_222' title='bbox 138 4437 150 4502; x_wconf 71' lang='lat' dir='ltr'>ll</span> <span class='ocrx_word' id='word_1_223' title='bbox 170 4440 219 4488; x_wconf 75' lang='lat' dir='ltr'>nte</span> <span class='ocrx_word' id='word_1_224' title='bbox 240 4439 292 4488; x_wconf 76' lang='lat' dir='ltr'>Aret</span> <span class='ocrx_word' id='word_1_225' title='bbox 313 4434 327 4506; x_wconf 80' lang='grc' dir='ltr'>Η</span> <span class='ocrx_word' id='word_1_226' title='bbox 347 4440 403 4500; x_wconf 68' lang='lat' dir='ltr'>runis</span> <span class='ocrx_word' id='word_1_227' title='bbox 422 4435 436 4506; x_wconf 77' lang='grc' dir='ltr'>Η</span> <span class='ocrx_word' id='word_1_228' title='bbox 457 4443 507 4488; x_wconf 73' lang='grc'>516</span> <span class='ocrx_word' id='word_1_229' title='bbox 528 4439 618 4486; x_wconf 81' lang='lat' dir='ltr'>titurius</span> 
     </span>
    </p>
   </div>
   <div class='ocr_carea' id='block_1_6' title="bbox 0 0 1517 5146">
    <p class='ocr_par' dir='ltr' id='par_1_33' title="bbox 0 0 1517 5146">
     <span class='ocr_line' id='line_1_37' title="bbox 0 0 1517 5146; baseline 0 0"><span class='ocrx_word' id='word_1_230' title='bbox 0 0 1517 5146; x_wconf 95' lang='lat' dir='ltr'> </span> 
     </span>
    </p>
   </div>
  </div>
 </body>
</html>
