3020 5146
520 451 580 516 lIlI

28 645 50 688 rn
69 629 200 709 poterunt
221 623 330 691 oeulos
351 643 446 690 eures
468 622 722 707 reprehendere,
739 641 782 687 an
803 641 897 687 aures

28 742 122 804 ectus?
135 760 172 802 an
193 738 273 806 hune
295 760 391 823 porro
414 745 533 803 tectum
557 758 655 823 sapor
677 745 790 822 arguet
812 739 897 812 oris,

28 873 51 917 m
69 853 253 918 confutabunt
275 873 370 918 nares
392 853 515 918 oculive
538 854 728 920 revincent?

28 975 126 1042 ron,ut
146 969 272 1051 opinor,
288 969 334 1032 ite
356 975 424 1033 est.
440 988 515 1033 nem
538 987 680 1034 seorsum
705 968 819 1050 cuique
841 973 982 1052 potestus

28 1083 142 1166 divisast,
158 1103 213 1148 suc
234 1085 283 1149 vis
306 1083 469 1166 cuiquest,
486 1083 622 1166 ideoque
644 1103 776 1150 necesse
800 1090 848 1149 est

28 1199 130 1282 etquod
148 1199 240 1265 molle
262 1199 303 1265 sit
326 1205 358 1264 et
379 1199 519 1283 gelidum
541 1199 709 1264 fervensve
732 1218 875 1266 seorsum

28 1322 46 1378 ct
63 1335 179 1378 scorsum
202 1313 310 1378 varios
333 1333 437 1378 rerum
461 1315 576 1380 sentire
599 1315 743 1398 colores,

28 1435 46 1492 rt
63 1449 129 1509 quse
148 1447 278 1511 cumque
303 1427 455 1494 coloribu’
479 1429 542 1494 sint
564 1429 732 1495 coniuncto
753 1429 880 1494 videre:

28 1561 120 1607 uorsus
139 1545 206 1608 item
229 1562 328 1627 sapor
351 1542 415 1608 oris
438 1541 534 1607 habet
554 1543 638 1628 vim,
656 1563 783 1638 seorsus
806 1543 922 1608 odores

28 1665 179 1732 noscuntur,
194 1677 318 1723 sorsum
342 1657 484 1722 sonitus.
501 1658 639 1738 ideoque
661 1677 793 1723 neeesse
815 1665 864 1722 cet

28 1773 197 1854 nonpossint
217 1773 303 1838 elios
326 1771 381 1836 alii
404 1771 593 1838 convincere
615 1791 750 1836 sensus.

28 1905 163 1970 proporro
184 1891 334 1971 poterunt
356 1886 416 1969 ipsi
440 1886 674 1969 reprehendere
697 1907 788 1962 sese,

28 2019 101 2081 seque
119 2001 192 2068 fides
214 2001 365 2085 quonium
388 1999 517 2066 debebit
539 2021 665 2086 semper
687 2002 818 2068 haberi.

28 2116 127 2194 proinde
148 2117 229 2200 quod
252 2118 286 2182 in
311 2121 471 2197 quoquest
493 2114 544 2180 his
565 2117 667 2181 visum
690 2124 854 2201 tempore,
871 2103 1030 2184 veru‘mst.

33 2237 53 2290 ct
68 2231 85 2293 si
101 2253 154 2296 non
177 2235 296 2318 poterit
319 2229 399 2294 ratio
423 2229 599 2298 dissolvere
623 2253 775 2318 causam,

35 2359 73 2404 eur
88 2365 114 2408 en
132 2367 212 2428 quae
235 2348 356 2414 fuerint
377 2349 487 2412 iuxtim
511 2347 687 2429 quadrata,
704 2348 815 2433 procul
838 2349 901 2414 sint

32 2455 77 2520 visa
92 2463 235 2541 rutunda,
253 2469 362 2528 tamen
385 2469 526 2546 praestet
546 2463 680 2528 rationis
703 2471 848 2547 egentem

28 2569 126 2640 reddere
145 2578 298 2644 mendose
322 2569 436 2643 cousus
458 2578 623 2658 utriusque
646 2578 786 2662 figurae,

29 2703 93 2762 qmm
113 2693 251 2756 menibus
275 2689 449 2756 manifesta
471 2691 537 2758 suis
559 2692 702 2776 emittere
726 2713 888 2775 quoquam

29 2803 47 2860 et
63 2802 162 2870 violare
183 2806 279 2870 fidem
303 2802 438 2890 prmam
462 2813 494 2871 ct
516 2807 695 2872 convellere
717 2812 782 2871 tota

29 2909 195 2984 fundamenta
219 2920 337 3002 quibus
359 2919 485 2984 nixatur
504 2920 571 2984 vite
592 2922 765 3003 salusque.

29 3043 70 3091 ron
87 3033 171 3098 modo
193 3035 278 3100 enim
303 3033 384 3098 ratio
407 3038 480 3098 ruet
502 3035 622 3119 omnis,
639 3035 704 3099 vita
726 3049 854 3117 'quoque
878 3037 949 3119 ipsa

29 3143 139 3211 rooeidat
159 3149 341 3233 extemplo,
357 3147 419 3214 nisi
441 3148 571 3214 credere
594 3149 741 3215 sensibus
763 3151 870 3234 ausis,

29 3261 236 3344 praecipitisque
258 3262 349 3328 locos
371 3262 473 3328 vitere
496 3268 528 3326 et
549 3245 655 3328 cetera
679 3284 762 3346 quae
785 3265 848 3330 sint

29 3365 46 3430 d
63 3393 162 3453 genere
184 3377 244 3442 hoe
267 3377 441 3460 fugienda,
458 3377 549 3458 sequi
572 3379 732 3443 contrarie
755 3399 839 3460 quae
862 3378 944 3442 sint.

29 3479 125 3551 illirici
147 3497 192 3555 est
213 3492 313 3573 igitur
334 3491 503 3556 verborum
527 3493 621 3576 copie
643 3513 734 3558 cessa

29 3601 116 3683 ruinis,
132 3625 213 3685 quoe
235 3611 346 3670 contra
369 3623 484 3672 sensus
505 3606 660 3672 instructa
682 3613 846 3691 perstant.

29 3703 133 3795 denique
154 3725 186 3782 ut
207 3719 240 3783 in
265 3717 410 3796 fabrica,
429 3720 455 3784 si
477 3727 608 3804 pravast
630 3721 740 3804 regule
762 3721 886 3804 primo,

29 3839 165 3910 normaque
186 3833 215 3898 si
237 3834 341 3898 feliex
363 3832 457 3898 rectis
480 3833 665 3917 regionibus
688 3835 775 3910 exit,

30 3937 153 4008 ribeira
175 3947 287 4028 alique
309 3949 335 4012 si
358 3967 398 4014 ex
420 3949 501 4031 perti
525 3947 686 4014 claudicat
707 3947 826 4024 hilum,
915 3987 925 4008 .

86 4125 192 4135 ...-,-,-.

30 4237 61 4282 Μ
77 4245 159 4302 {merit
177 4244 191 4314 ΙΙ
210 4251 260 4297 491
281 4249 377 4298 videri.
404 4248 417 4316 {i
443 4251 493 4299 493
512 4258 650 4298 necessest.
670 4241 691 4316 ῙΙ
715 4255 765 4300 495
785 4251 927 4301 Noseonrur
951 4249 964 4316 Η
989 4253 1039 4300 499
1060 4267 1116 4314 pos·

30 4335 65 4370 '¹¹⁰¹
81 4327 92 4390 ir
111 4333 157 4380 ⁴98
170 4335 262 4398 Aeque
283 4333 295 4404 ΙΙ
316 4338 367 4385 999
379 4337 474 4400 peteris
493 4333 506 4402 ΙΙ
527 4339 574 4386 501
596 4337 680 4388 iustim
694 4339 841 4399 ‹puadratem
862 4336 876 4404 Η
896 4341 945 4388 999
960 4339 1086 4400 egentior.
1103 4337 1115 4400 11

30 4409 62 4456 'nr
78 4417 118 4464 sibi

867 4519 915 4588 9*
