3036 5150
645 363 662 428 Ι
1165 362 1205 427 et

121 535 146 600 in
156 534 299 601 tastomm
310 554 353 618 ιι,
367 533 432 600 456
443 532 570 600 ridetur
581 533 688 618 potius
700 532 867 617 scripsisse
872 532 970 618 fllia,
987 531 1092 614 drmit,
1106 533 1208 596 abac?

12 636 16 651 '
119 655 201 722 quam
221 637 315 702 ubr's.
332 655 406 702 nam
429 661 460 702 es
482 636 528 700 ita
546 641 725 702 truncatum
748 641 875 720 praeter
897 654 992 718 quam
1009 633 1097 719 apud
1113 635 1207 699 comi·

13 772 14 780 ι
119 758 164 804 cos
190 739 347 804 rarissime
370 738 573 804 invenietur.
598 738 740 804 Lucilius
763 736 850 823 apud
873 738 1012 804 Nonium
1034 757 1065 822 p.
1085 737 1143 820 13,
1166 737 1205 802 27

13 830 18 890 Γ
117 865 179 906 mm
192 853 223 906 tu
239 841 314 906 sotu’
330 839 424 925 (libri
440 854 578 906 socruum
588 841 685 924 solis)
698 841 781 906 miti
793 841 828 906 iu
838 864 952 930 meque
963 863 1119 922 macrore,
1138 840 1207 904 Tm‘·

13 952 18 1003 ,·
116 945 191 1007 stt’tdr
210 945 243 1007 r‘u
264 967 387 1008 summa
410 955 438 1007 et
452 965 583 1028 crepera
604 967 639 1010 re
654 941 745 1027 (libri
760 967 879 1009 summo
895 941 1057 1030 crepera),
1073 943 1207 1008 iucmtu'

12 1109 13 1112 ,
114 1043 241 1108 saluts.
256 1045 289 1108 in
306 1043 428 1111 Catulli
444 1044 584 1110 carmine
600 1046 651 1130 66,
668 1045 708 1110 27
726 1044 859 1131 adeptus
874 1045 949 1112 libri
964 1065 1022 1129 pro
1046 1043 1206 1130 adepta's.

116 1144 185 1210 dixit
198 1151 303 1212 tamen
320 1145 482 1212 Martialis
497 1166 627 1231 quoque
641 1147 674 1212 in
691 1147 778 1212 exitu
793 1154 1065 1232 pentametrorum
1079 1146 1208 1212 vetulc’s

12 1299 13 1328 ,
116 1247 265 1334 stfctua’s
279 1271 335 1332 ιιι,
350 1249 393 1314 32
408 1249 470 1330 72,
486 1249 598 1314 homo’s
614 1253 720 1316 autem
736 1250 899 1335 septiens.
915 1250 949 1314 in
966 1249 1080 1316 eadem
1095 1269 1209 1316 versus

115 1348 181 1415 sede
194 1369 257 1416 non
273 1371 385 1418 omnes
397 1375 427 1416 m
438 1351 577 1418 litteram
592 1371 663 1417 cum
679 1351 778 1418 verbo
793 1351 993 1418 substantivo
1006 1352 1207 1418 colliserunt.

115 1449 243 1519 Catullus
257 1456 461 1536 aecumst,
483 1454 667 1539 Propertius
674 1466 825 1542 parumst
834 1503 843 1537 ,
864 1453 1036 1537 demumst,
1055 1455 1208 1538 visumst,

113 1551 235 1622 ondins
248 1557 398 1622 malumst
410 1575 510 1621 amor.
523 1577 556 1640 rr,
569 1557 598 1638 9,
614 1558 747 1622 vriumst
757 1555 875 1622 remed.
890 1557 941 1640 60,
957 1570 1086 1622 mouerat
1102 1556 1174 1622 fast.
1187 1579 1207 1641 r,

116 1655 181 1740 lto,
196 1657 418 1724 adulteriumst
432 1659 512 1724 trist.
528 1680 573 1742 11,
588 1657 672 1742 430,
688 1672 818 1725 meumst
832 1679 888 1742 ru,
907 1659 966 1742 14,
986 1672 1151 1742 taumate,
1167 1660 1207 1742 9,

113 1758 160 1840 qui
176 1760 303 1845 scripsit
319 1761 489 1846 epistulam
506 1759 640 1826 Medeae
655 1774 804 1844 meumst,
824 1761 872 1844 12,
888 1760 971 1845 206,
989 1761 1145 1826 Martialis
1151 1761 1208 1844 fo-

111 1875 217 1946 mmet,
229 1876 396 1949 peremat,
411 1864 662 1950 archetypumst,
682 1877 832 1947 meumst,
856 1863 1026 1928 lucrumst.
1043 1881 1081 1928 ae
1095 1863 1208 1944 nequis

111 1961 183 2028 lanc
193 1965 372 2032 mutilatam
383 1957 474 2032 verbi
486 1965 621 2030 formam
634 1965 720 2030 omni
731 1965 920 2031 condicione
931 1965 1051 2049 pariter
1060 1964 1208 2030 omnibus

110 2064 268 2148 probatam
279 2074 380 2153 putet,
392 2069 426 2134 in
442 2066 555 2133 eodem
567 2069 758 2151 pentametri
770 2068 842 2134 loeo
855 2065 990 2133 Ovidius
1001 2066 1133 2148 longam
1144 2066 1209 2151 syl-

110 2164 207 2232 labam
222 2189 290 2235 non
305 2189 378 2236 raro
394 2169 543 2253 admisit,
567 2169 655 2235 velut
670 2169 788 2253 dolcat,
810 2183 924 2253 meost,
947 2182 1067 2252 meast,
1095 2169 1208 2252 iocose,

102 2268 228 2356 fimast,
250 2272 368 2355 solost,
390 2285 514 2359 repeat,
527 2272 654 2359 forest,
677 2273 772 2356 tuest,
794 2271 920 2353 muttit,
947 2273 1062 2354 r'ocost,
1084 2285 1208 2356 souost,

110 2371 222 2458 immet,
239 2374 347 2440 dsacst
359 2374 423 2455 (lb.
435 2374 526 2458 378),
541 2386 657 2456 actast,
668 2387 783 2440 meacst
792 2375 899 2458 (Pont.
912 2395 944 2457 rr,
958 2375 987 2458 Ἰ,
1000 2373 1070 2458 38),
1085 2387 1211 2440 marrust

110 2473 164 2559 (rr,
182 2477 209 2560 1,
229 2476 302 2560 14),
316 2495 375 2542 nec
386 2475 483 2542 nimis
495 2495 568 2542 raro
581 2475 636 2558 qui
648 2475 718 2541 eius
730 2475 858 2542 nomine
871 2476 1026 2560 epistulas
1041 2474 1210 2542 heroidum

109 2577 308 2663 scripsemnt,
321 2579 416 2644 ceteri
429 2579 485 2645 vix
497 2597 642 2662 usquam,
656 2577 800 2644 Catullus
813 2578 912 2644 semel
924 2579 1078 2663 meast8l,
1091 2579 1121 2662 4,
1133 2578 1210 2644 Ριο-

109 2681 221 2762 portius
243 2679 384 2763 demost,
406 2681 508 2764 visst,
529 2681 661 2763 marest,
684 2680 799 2765 soleat,
822 2681 940 2764 satost,
964 2681 1069 2764 dcost,
1091 2695 1210 2764 meast,

111 2779 258 2848 llartiabs
273 2780 344 2866 bis,
361 2783 494 2866 dunat,
509 2784 628 2865 astoer,
645 2781 753 2848 nullus
770 2784 910 2850 omnium
926 2789 1017 2849 extra
1031 2782 1209 2867 disyllaba.

187 2884 261 2952 994.
284 2905 401 2950 sunna
434 2905 499 2948 unr
531 2904 678 2950 rossus
710 2905 867 2952 sossrr.
890 2886 965 2952 Itali
998 2891 1030 2952 et
1056 2885 1211 2951 Marullus

110 3005 278 3051 rossrsr.

187 3091 262 3159 996.
286 3089 481 3155 Psarrsus
497 3109 655 3154 euucrrs
669 3139 677 3174 ,
693 3111 937 3162 russansous
953 3111 1211 3154 surrsnrrsrs-

13 3207 14 3246 2
110 3211 193 3256 rus.
208 3191 286 3258 Itali
312 3197 344 3258 et
370 3191 519 3277 impressi
541 3191 694 3257 Partibus
716 3194 751 3258 iu
773 3195 914 3258 cumas:
936 3191 995 3259 ssd
1017 3193 1133 3260 rectius
1156 3193 1212 3260 ad·

111 3291 216 3360 demus
237 3314 279 3379 rr,
304 3292 391 3378 quod
414 3300 463 3359 est
485 3294 518 3359 in
541 3294 871 3360 retroducendo
894 3295 1050 3362 Marullus
1072 3317 1212 3362 aaran·

111 3415 248 3482 sucus,
265 3395 312 3462 rei
324 3396 565 3481 convenienter,
578 3397 726 3481 quamvis
738 3416 831 3463 secus
846 3395 995 3462 videatur
1008 3397 1211 3466 Wakefieldo

111 3505 139 3562 et
157 3498 355 3584 l'orbigcro,
378 3499 433 3582 qui
456 3499 604 3582 quotiens
627 3498 893 3584 philosophantur
914 3499 1072 3565 delirant·

13 3589 14 3594 ¹
193 3602 286 3669 1008.
309 3601 399 3668 Isso
420 3621 571 3666 nonus.
588 3601 755 3668 corrector
770 3600 921 3686 quadrati
937 3608 969 3668 et
991 3603 1087 3669 ceteri
1103 3603 1212 3669 Ises.

193 3706 286 3772 1009.
311 3724 383 3776 eurr
418 3723 563 3768 cossus
596 3724 732 3768 rusus.
760 3703 859 3770 Reete
891 3725 997 3770 russr
1029 3706 1128 3774 Itali.
1155 3705 1214 3774 sed

114 3803 207 3872 iidem
229 3813 262 3874 et
283 3806 433 3892 impressi
455 3807 524 3872 sine
547 3823 646 3871 causa
667 3807 765 3892 quia.

194 3909 286 3978 1012.
309 3909 391 3974 Aur
412 3929 528 3974 arran
549 3929 824 3987 insusurres,
847 3929 923 3974 ursr
944 3931 1130 3974 resumas
1152 3931 1215 3974 su-

114 4031 253 4098 rasus,
276 4031 402 4080 sosuu
418 4013 600 4079 Srnrnrcrc
623 4031 772 4076 urruns
793 4031 940 4078 ιιιιιιι
963 4035 1085 4078 runnu
1107 4035 1215 4080 muo-

114 4132 305 4180 ussurus.
322 4115 372 4182 De
401 4114 450 4182 his
473 4113 619 4184 versibus
641 4111 808 4180 Madvicus
831 4115 962 4198 egregie
984 4115 1161 4201 disputavit
1182 4117 1216 4182 in

115 4217 271 4300 opusculis
293 4217 453 4304 prioribus
478 4237 509 4303 p.
525 4217 609 4300 313,
636 4221 710 4302 post
733 4233 828 4302 quem
851 4217 986 4284 aliorum
1008 4219 1216 4305 interpretum

116 4318 266 4387 rationem
281 4319 402 4387 habere
415 4337 692 4406 supervacaneum
715 4325 784 4385 est.
801 4317 882 4386 dixit
903 4326 1000 4405 poeta
1021 4341 1126 4388 rerum
1148 4323 1216 4386 uni·

117 4422 294 4489 venitatem
316 4441 422 4506 neque
441 4422 638 4489 extrinsecus
654 4419 739 4486 finiri
762 4441 859 4507 posse
881 4423 1004 4507 (1001)
1027 4443 1132 4509 neque
1154 4423 1217 4488 sibi

119 4520 214 4605 ipsam
237 4524 334 4590 finem
356 4543 477 4608 ponere
498 4524 642 4608 (1009).
658 4521 728 4589 ‘hoc
749 4543 790 4590 ne
813 4523 918 4590 saciat’
942 4525 1065 4669 inqiit’
1093 4524 1218 4590 ‘natura

972 4628 993 4692 ὃ
