3110 5146
304 375 367 440 396
836 374 880 438 Vl

304 548 346 613 39
360 546 434 630 52),
456 547 620 611 Romanus
643 551 750 610 autem
773 545 890 610 milites
909 565 1010 629 parvo
1026 545 1147 630 oppido
1164 545 1301 612 sormam
1318 547 1417 612 demi·

304 649 449 714 nutivam
472 648 645 714 convenire
667 653 753 713 ratos
769 647 929 731 syllabam
952 649 1184 732 paenultimam
1199 649 1416 734 corripuisse:

305 771 378 816 nam
402 749 443 816 de
465 775 486 814 n
508 750 673 816 interiecto
696 770 760 814 non
780 749 942 816 laborabit
955 753 1011 835 qui
1030 753 1245 818 Tenncrreiam
1259 752 1417 816 merbrum

305 852 492 918 Pebe'dcrum
514 857 546 918 ol
569 853 778 919 Chersonenet'
796 858 829 918 el
850 854 1090 918 thensaurorum
1112 852 1315 919 meminerit.

391 955 463 1019 811.
486 975 636 1018 enarra
658 975 850 1020 urrunnu.
878 954 1199 1038 Correotor·oblongi
1221 975 1416 1018 uernans.

392 1058 464 1124 813.
488 1059 619 1123 Nonne
642 1077 752 1120 urnas
775 1077 937 1122 annuae.
961 1055 1090 1142 optime
1112 1057 1185 1122 Itali
1209 1078 1392 1122 annusve.

317 1213 321 1222 .
391 1159 463 1226 815.
486 1159 589 1238 Quos
612 1181 731 1224 ornan
753 1181 790 1223 rs
812 1179 897 1222 rnnr
920 1177 1083 1224 conranr
1106 1179 1165 1222 vrs
1186 1179 1328 1244 unone,
1355 1181 1417 1222 sr-

306 1284 481 1327 cessssr.
498 1261 665 1346 Oblongus
680 1263 785 1349 prime
803 1281 899 1327 manu
915 1263 1000 1342 Qec.
1023 1261 1222 1347 quadratus,
1245 1267 1281 1327 ut
1294 1281 1416 1346 saepe,
1538 1333 1542 1338 ,

305 1389 427 1431 nceesm
450 1379 513 1431 est.
537 1365 589 1432 hie
615 1365 763 1431 mirabile
789 1371 839 1431 est
865 1383 964 1450 quam
990 1383 1102 1430 erasse
1123 1363 1205 1430 vitia
1226 1365 1418 1450 interpretes

305 1467 546 1552 praeterierint.
581 1468 656 1540 vide
683 1469 768 1534 euim
800 1485 885 1552 quae
916 1466 1132 1551 praecedant.
1165 1467 1305 1552 primurn
1339 1468 1417 1552 boe,

306 1572 418 1635 Nonne
439 1569 528 1635 vides
549 1568 683 1636 eudrbee
696 1571 807 1656 pere‘re
828 1571 862 1634 in
884 1582 1020 1657 tempere
1035 1591 1141 1657 parvo
1163 1593 1259 1656 quom
1278 1573 1419 1636 soleant?

307 1670 379 1737 huin
400 1671 517 1756 aliquis
541 1669 783 1754 adiungendum
805 1677 895 1757 putet
916 1671 1001 1756 quod
1025 1672 1188 1756 sequitur,
1212 1684 1241 1737 et
1260 1695 1357 1757 quum
1372 1674 1418 1736 υἰ-

306 1776 355 1840 tai
373 1777 465 1861 copie
488 1774 588 1840 deae?
609 1772 668 1839 sed
690 1771 752 1838 hoo
766 1775 848 1841 illud
863 1789 1014 1842 marest
1029 1774 1062 1838 in
1078 1781 1223 1839 extrema
1237 1774 1419 1839 sententiae

305 1883 398 1960 parte
418 1897 483 1943 non
505 1876 649 1962 patitur.
666 1875 836 1942 dicendum
859 1896 937 1960 ergo
960 1877 1040 1942 haee
1054 1895 1127 1944 osse
1142 1875 1355 1943 exclamando
1371 1876 1419 1941 al-

306 1977 480 2062 firmantis,
498 1992 526 2044 ct
541 2003 655 2066 quem,
675 1981 758 2045 vr'tee'
769 1981 861 2066 copie
875 1980 955 2046 desr't
970 1981 1055 2059 ans
1070 2003 1163 2066 opere
1177 1981 1211 2042 r'rr
1226 1978 1419 2044 telr'eebrbet

176 2073 181 2086 '
306 2081 355 2144 vie
369 2105 505 2168 esayae,
529 2081 700 2148 necessest!
723 2081 770 2146 ita
789 2087 875 2148 recte
894 2082 1044 2165 loquetur
1063 2081 1118 2165 qui
1134 2099 1286 2162 eausam,
1309 2099 1368 2146 eur
1383 2079 1419 2146 id
1553 2063 1554 2082 ¹

308 2184 490 2248 necessario
521 2183 670 2268 eveniat,
704 2183 909 2268 appositurus
937 2192 986 2251 est
1005 2183 1082 2268 (boe
1103 2189 1209 2250 autern
1232 2187 1331 2267 poltta
1351 2201 1419 2247 uon

307 2284 413 2370 feeit);
435 2305 500 2350 non
522 2286 551 2352 is
573 2286 627 2369 qui
649 2285 745 2351 modo
768 2285 886 2352 dixerit
907 2293 939 2352 te
961 2287 1034 2353 risu
1056 2285 1108 2352 rel
1123 2285 1237 2351 auditu
1252 2286 1319 2351 iarn
1334 2285 1422 2350 seire

306 2407 402 2470 quarn
426 2389 516 2456 brevi
538 2394 682 2470 tempore
704 2389 751 2454 illi
771 2389 878 2473 perire
893 2389 1039 2456 soleant.
1055 2387 1180 2454 aceedit
1193 2387 1280 2472 quod
1295 2389 1355 2454 illa
1369 2391 1421 2455 nr'a

306 2516 444 2576 mappa,
465 2510 548 2575 quae
563 2491 668 2572 cosin
688 2491 758 2555 euri
775 2489 920 2558 fodiendi
936 2511 1033 2576 opere
1053 2491 1237 2576 contineat,
1253 2491 1361 2574 qualis
1377 2491 1423 2556 sit

308 2613 372 2659 non
395 2595 475 2660 satis
498 2593 617 2659 diserte
639 2592 758 2658 dietum
781 2600 850 2677 est,
867 2613 937 2660 cnm
959 2593 1099 2661 servitus
1121 2594 1344 2678 intellegenda
1357 2595 1420 2659 sit.

307 2697 417 2780 itaque
439 2703 575 2782 apparet
596 2695 694 2781 priori
717 2696 860 2761 membro
883 2715 1001 2762 nocere
1028 2696 1108 2762 illud
1130 2709 1301 2779 marest,
1322 2697 1420 2762 alteri

308 2798 422 2866 deesse
444 2798 713 2883 significationem
735 2800 927 2866 nccesdtctrb
950 2818 1015 2882 qua
1036 2800 1070 2864 in
1092 2819 1191 2884 opere
1217 2798 1423 2864 metallorum

308 2907 533 2968 coerceantur.
561 2902 674 2966 miram
704 2901 859 2968 rationem
887 2901 1056 2968 Turnebus
1083 2901 1280 2985 excogitavit
1303 2903 1338 2966 iu
1359 2901 1424 2967 ad-

308 3006 522 3072 versariorum
539 3005 621 3070 libro
636 3025 724 3088 xxvi,
741 3006 789 3089 13,
806 3024 871 3090 qua
885 3005 966 3070 haee
979 3005 1063 3070 inter
1077 3023 1114 3070 se
1129 3005 1423 3090 coniungerentur,

309 3123 459 3176 necessest
480 3109 528 3173 nis
550 3131 687 3194 mappa,
710 3107 745 3172 id
761 3113 810 3173 eat
828 3109 877 3172 ve's
890 3129 1007 3192 mopere
1022 3109 1206 3192 peresam
1227 3107 1338 3191 qualia
1353 3125 1424 3174 oer-

308 3219 373 3278 tum
396 3211 501 3278 locum
523 3217 633 3276 tenent
646 3229 752 3296 neque
767 3215 861 3274 extra
874 3215 961 3274 artes
975 3209 1153 3294 procedunt
1164 3257 1172 3291 ‚
1185 3217 1220 3274 ut
1235 3215 1286 3276 est
1298 3209 1333 3274 in
1349 3210 1424 3276 inre

309 3313 507 3380 r'nterdr'ctum
529 3312 612 3379 ende
634 3314 686 3396 ei,
709 3313 785 3378 item
807 3311 847 3378 do
869 3313 938 3398 quc
961 3313 1116 3400 Iapetum,
1139 3318 1172 3377 el
1190 3311 1278 3396 quod
1294 3312 1369 3378 ilem
1385 3312 1423 3378 in

309 3418 378 3482 inre
393 3414 458 3482 dici
475 3415 653 3499 Agroecius
668 3414 897 3499 grammaticus
913 3421 1047 3482 testatur
1062 3435 1092 3499 p.
1105 3415 1188 3479 2271
1206 3415 1341 3481 deesses
1355 3429 1424 3482 esto

309 3521 465 3606 leporem,
481 3537 545 3583 non
562 3519 721 3605 lcpemen,
737 3525 773 3584 ut
789 3523 839 3584 est
853 3517 940 3603 apud
956 3518 1140 3585 Putaclrium
1153 3567 1160 3582 .
1173 3537 1274 3602 qnare
1289 3518 1423 3584 omnino

309 3621 513 3687 scribendum
529 3629 596 3705 est,
609 3619 770 3706 prioribus
786 3619 829 3686 ad
844 3621 957 3688 Nonne
971 3620 1059 3686 vides
1074 3621 1216 3706 reiectis,
1227 3623 1312 3702 Quos
1326 3645 1423 3708 opere

309 3728 343 3790 in
365 3726 427 3790 tali
445 3725 562 3790 collibet
576 3725 625 3788 eie
639 3747 758 3809 mopere
772 3743 969 3787 nuenssrs.
986 3721 1070 3790 hano
1084 3723 1170 3790 enim
1192 3723 1334 3809 genetivi
1356 3723 1422 3788 for-

310 3847 394 3893 mem
416 3832 448 3894 et
471 3828 615 3892 Donatus
637 3825 784 3909 agnoseit
805 3833 838 3893 et
859 3809 990 3892 senatus
1017 3825 1197 3892 consultum
1220 3825 1262 3892 de
1284 3826 1423 3891 baccha-

310 3928 437 3996 nalibus
457 3929 595 3994 facturn.
617 3929 763 3994 Donatus
783 3927 826 3994 ad
847 3927 988 3994 Terentii
1005 3927 1192 3994 Eunuchum
1210 3949 1238 4014 v,
1250 3927 1334 4012 b,28
1358 3929 1421 3994 Nc-

309 4059 392 4099 cesse
412 4031 601 4117 (logondum
619 4032 783 4113 Necessus)
804 4045 848 4097 eet
867 4023 999 4097 bomon:
1020 4053 1093 4096 nant
1117 4055 1262 4096 necessus
1283 4029 1422 4116 (addeu-

310 4135 384 4202 dum
401 4149 428 4202 et
443 4135 580 4218 necesse)
594 4136 730 4200 necesses
746 4149 774 4200 et
790 4135 957 4200 necessitas
969 4145 997 4198 et
1012 4157 1171 4200 aeceeeam
1186 4133 1296 4200 lectam
1309 4145 1354 4199 est
1367 4181 1375 4195 .
1387 4133 1421 4200 in

310 4257 385 4304 aere
402 4235 647 4303 vindobonensi
664 4237 726 4320 v‚4
745 4237 803 4304 Set
818 4259 894 4322 qaas
915 4247 999 4301 esent
1017 4237 1187 4322 quer'srber'
1198 4233 1355 4302 cesareae
1369 4256 1422 4302 ne-

311 4365 399 4407 cesas
415 4364 464 4406 eee
479 4340 615 4404 bacanol
628 4339 759 4406 babere.
777 4337 864 4422 quod
879 4337 1133 4422 intellegendum
1146 4345 1196 4406 ost
1206 4340 1341 4405 aemule
1351 4339 1424 4404 sire

312 4441 514 4510 necessitatis
538 4465 623 4524 esse,
639 4441 783 4525 legitima
798 4441 943 4524 genetivi
959 4441 1076 4524 forma,
1092 4459 1189 4525 quarn
1204 4441 1309 4507 solam
1324 4441 1425 4506 habet

312 4543 425 4610 eadem
440 4543 553 4610 tabula
568 4543 600 4609 in
617 4546 761 4610 nemrbcs
777 4545 893 4610 Latrin‘
904 4545 922 4609 't
939 4549 971 4610 et
984 4567 1007 4608 a
1023 4549 1154 4630 propter
1169 4542 1305 4610 alterurn
1318 4567 1338 4608 a
1349 4541 1384 4608 in
1399 4568 1417 4608 ο
