3052 5144
304 375 313 394 ⁸
388 417 429 480 so
924 409 973 472 111

388 579 515 646 mobilis
539 578 687 663 egregie,
705 598 858 663 perquam
883 587 1028 644 constare
1051 585 1214 645 necessest

313 717 362 762 aon
389 692 576 779 corporibus
599 692 706 776 parvis
728 699 760 757 et
781 693 903 758 levibus
927 701 1025 776 atque
1048 693 1212 759 rutundis.

388 828 471 893 qnae
493 807 550 870 tibi
575 805 705 888 cognita
728 826 779 872 res
799 808 832 871 in
855 808 963 872 multis
975 810 1019 891 ,ὀ
1041 809 1143 892 bone,
1160 809 1257 874 rebus

389 923 476 986 utilis
499 920 677 985 invenietur
700 927 733 986 et
755 927 934 1006 opportuna
956 921 1091 986 olnebit.

389 1038 468 1102 haee
491 1055 617 1118 quoque
640 1053 692 1100 res
715 1035 809 1100 etiarn
833 1041 974 1100 naturam
998 1035 1126 1101 dedicat
1147 1037 1237 1121 eius,

389 1171 484 1233 quarn
507 1149 592 1214 tenni
616 1154 739 1213 constet
760 1155 905 1232 textura,
923 1170 1082 1232 quamque
1105 1152 1176 1218 loco
1200 1173 1235 1218 se

314 1285 364 1332 nro
390 1264 549 1329 contineat
571 1281 690 1345 parvo,
707 1263 734 1327 si
757 1263 859 1346 possit
882 1263 1137 1348 conglomerati,

389 1377 475 1460 quod
497 1377 590 1442 simul
613 1381 707 1458 alque
731 1377 889 1441 honrincm
913 1378 966 1442 leti
990 1399 1101 1443 secura
1124 1380 1214 1462 quies
1237 1387 1287 1445 est

388 1491 520 1576 indepte
542 1499 638 1572 atque
662 1491 760 1555 animi
784 1497 896 1554 natura
919 1493 1111 1574 animaeque
1133 1495 1284 1573 recessit,

388 1607 431 1670 nil
453 1606 497 1670 ibi
521 1607 651 1670 libatum
675 1605 715 1670 de
737 1612 801 1670 tolo
826 1627 958 1691 eorpore
982 1627 1096 1674 cernes

388 1721 430 1786 ad
453 1719 593 1806 speciem
608 1771 615 1798 ‚
632 1721 676 1783 nil
699 1721 740 1784 erl
762 1721 907 1806 pondus:
923 1743 1008 1786 mors
1030 1723 1136 1787 onmia
1158 1731 1320 1810 praestat,

312 1857 362 1906 215
389 1837 518 1900 vitalem
541 1841 668 1920 praeter
690 1855 818 1902 sensnm
841 1837 1044 1919 calidumque
1067 1857 1240 1921 vaporem.

386 1971 463 2033 erge
488 1949 628 2015 animam
651 1955 749 2014 totam
772 1953 938 2033 perparvis
960 1972 1033 2017 esse
1056 1961 1221 2017 necessest

387 2062 581 2142 seminibus,
597 2084 714 2132 nexam
737 2086 795 2151 per
816 2087 915 2132 venas
938 2068 1061 2132 viscera
1083 2087 1219 2146 nervos;

290 2183 299 2200 ⁶
388 2202 451 2262 qua
473 2189 584 2258 tenue,
602 2183 705 2247 omnis
728 2184 782 2248 ubi
806 2202 824 2247 e
847 2189 913 2246 toto
936 2183 1000 2248 ianr
1024 2203 1158 2268 corpore
1181 2183 1298 2260 cessit,

388 2298 506 2362 entium
527 2299 739 2363 membrorum
762 2299 880 2364 circum
903 2319 1036 2364 caesura
1057 2307 1163 2364 tamen
1186 2319 1221 2364 se

312 2431 362 2478 220
386 2411 575 2476 incolumem
598 2420 740 2498 praestat
762 2400 820 2478 nee
842 2413 919 2476 defit
941 2413 1091 2496 ponderis
1114 2413 1231 2478 hilum.

385 2527 470 2610 quod
491 2547 594 2610 genus
617 2533 684 2604 est,
700 2527 816 2592 Bacchi
839 2548 909 2592 eunt
932 2528 991 2592 llos
1014 2529 1162 2606 evanuit,
1178 2535 1234 2594 aut
1255 2549 1326 2595 eum

387 2642 514 2726 spiritus
538 2645 708 2732 ungnentei
731 2644 840 2709 suavis
863 2643 989 2725 diffugit
1010 2645 1044 2708 in
1066 2665 1181 2720 auras,

385 2763 440 2822 aut
461 2757 568 2840 aliquo
591 2777 662 2822 curn
686 2759 748 2822 iam
771 2779 866 2824 sucus
889 2760 1086 2843 decerpere
1110 2760 1224 2825 cessit:

386 2873 429 2936 nil
452 2873 553 2937 oeulis
576 2881 680 2938 tannen
704 2893 776 2939 esse
799 2875 902 2938 minor
924 2895 975 2940 res
997 2876 1070 2960 ipsa
1092 2873 1217 2938 ridetur

309 3010 359 3057 225
385 2994 555 3074 propterea
578 3009 680 3070 neque
704 2989 878 3053 detractum
903 2989 1106 3072 dependere
1129 2989 1319 3072 (pulsantum,

384 3103 414 3166 ni
438 3103 571 3180 mirum,
590 3103 664 3186 qnia
686 3105 785 3168 multa
809 3105 992 3186 minutaque
1014 3105 1140 3172 semina
1162 3125 1256 3172 sarcos

384 3216 524 3281 efficiunt
546 3224 577 3282 et
600 3217 730 3282 odorem
752 3218 785 3281 in
808 3225 873 3284 toto
897 3237 1030 3304 corpore
1053 3219 1119 3284 rei.

384 3351 482 3412 quare
505 3333 600 3397 etiarn
624 3339 721 3414 atque
743 3333 839 3396 etiam
864 3335 977 3398 mentis
1001 3341 1146 3399 naturam
1169 3335 1360 3417 animaeque

384 3445 463 3509 seire
486 3447 559 3510 lieet
580 3465 734 3530 perquam
756 3439 908 3530 pauxillis
932 3467 1004 3514 esse
1027 3455 1165 3514 creatam

308 3579 358 3624 2³0
384 3559 578 3636 senrioibm,
596 3561 744 3641 quoniam
767 3561 894 3642 fugiens
918 3563 963 3627 nil
985 3564 1136 3648 ponderis
1159 3564 1283 3630 arriert.

422 3675 490 3739 Nec
511 3681 619 3738 tamen
642 3673 724 3740 haee
747 3676 881 3760 simplex
904 3678 997 3742 nobis
1018 3685 1131 3743 natura
1152 3679 1298 3762 putanda
1319 3686 1384 3745 est.

382 3789 485 3853 tenvis
508 3787 591 3852 enim
616 3789 772 3871 quaedam
795 3791 1001 3857 moribundos
1023 3792 1142 3858 deserit
1163 3813 1244 3858 aura

385 3902 484 3966 mixta
505 3923 645 3987 vapore,
662 3923 762 3988 vapor
785 3926 880 3989 porro
902 3907 999 3972 trahit
1019 3914 1096 3972 altra
1118 3927 1244 3974 seeum.

382 4034 442 4079 nee
464 4017 552 4082 ealon·
574 4025 623 4082 est
646 4019 835 4104 quisquam,
853 4021 902 4086 eui
926 4023 1041 4087 mixtus
1063 4043 1127 4087 non
1150 4023 1210 4089 siet
1232 4031 1308 4090 altr:

384 4183 580 4191 --—-—-..—-.-

386 4288 436 4336 210
455 4303 481 4336 se
504 4287 518 4354 Η
542 4289 591 4336 222
613 4299 740 4351 nnguome
765 4287 777 4357 ll
804 4291 852 4338 227
873 4305 971 4340 rerum.
999 4291 1012 4358 ΙΙ
1038 4293 1087 4342 ‘232
1108 4291 1192 4344 Tenus
1222 4293 1234 4360 ΙΙ
1265 4295 1316 4346 2³4
1339 4293 1378 4346 cui
1398 4282 1472 4338 nonsit

385 4374 480 4424 mixtus
499 4385 523 4428 et
542 4391 600 4427 aer,
