3020 5146
557 439 585 504 V

41 621 59 674 n
78 632 189 695 neque,
205 613 249 676 uti
272 611 385 688 dooni·‚
402 610 506 675 solido
529 631 598 676 oum
623 629 756 693 corpore
780 607 887 672 nrundi

41 733 173 812 raturast,
190 726 341 810 quoniam
363 724 570 790 admixtumst
590 724 623 788 in
646 725 742 790 rebus
765 724 879 808 inane,

41 847 198 906 nontamen
220 845 269 906 est
291 845 326 904 ut
348 840 465 923 inane,
481 858 587 921 neque
610 843 716 902 autem
739 859 872 924 corpora
894 837 1029 914 desunt,

41 975 65 1018 rx
84 954 194 1018 infinito
217 973 300 1036 quae
321 953 445 1039 possint
466 953 546 1020 sorte
567 959 677 1018 ooorta

41 1086 158 1134 rorrnere
179 1067 263 1133 hano
284 1087 387 1132 rerum
409 1068 551 1134 violento
575 1067 698 1132 turbine
720 1087 876 1132 summam

41 1193 78 1244 rut
94 1183 179 1248 aliam
202 1182 347 1265 quamvis
370 1182 493 1248 oiadem
517 1183 680 1266 inportare
702 1181 835 1266 pericii,

41 1315 83 1360 neo
101 1317 187 1379 porro
211 1304 328 1362 natura
348 1297 411 1363 loni
434 1296 634 1380 spatiumque
656 1295 803 1379 profundi
896 1369 898 1378 Ι

41 1409 136 1487 deicit,
151 1411 302 1494 exspargi
325 1431 386 1492 quo
409 1410 535 1494 possint
556 1409 685 1476 moenia
706 1410 837 1488 mundi,

41 1524 152 1590 utalia
172 1525 288 1608 quavis
309 1531 443 1608 possunt
464 1524 496 1588 ri
518 1524 613 1608 pulsa
635 1523 760 1608 perire.

41 1635 94 1700 iant
112 1639 200 1720 igitur
221 1638 277 1704 leti
301 1623 470 1723 praeclusa
492 1645 541 1704 est
560 1640 660 1704 ianua
682 1640 771 1705 eaelo

41 1771 82 1814 neo
101 1753 153 1817 soii
174 1761 347 1836 terraeque
370 1771 474 1834 neque
497 1753 569 1820 altis
591 1754 741 1836 aequoris
763 1752 878 1830 undis,

41 1865 82 1930 red
101 1871 178 1949 patet
199 1867 332 1932 immani
356 1873 389 1932 et
409 1872 500 1932 vasto
523 1873 681 1951 respeotat
702 1868 811 1932 hiatu.

41 1999 114 2060 qnare
133 1981 225 2046 etiam
249 1981 361 2046 nativa
382 1987 580 2046 necessumst
601 1981 771 2046 eonfiteare

42 2091 97 2158 ineo
116 2096 221 2164 eadem
238 2119 245 2160 :
265 2113 369 2178 neque
391 2095 496 2172 enirn,
513 2094 640 2161 mortali
664 2115 796 2178 eorpore
819 2113 904 2177 quae
926 2101 1019 2178 sunt,

48 2223 74 2268 u
87 2208 190 2275 infinito
213 2210 280 2275 iam
304 2217 447 2294 tempore
469 2208 575 2274 adhue
596 2209 777 2294 potuissent

46 2317 143 2388 ionersi
165 2323 294 2390 validos
317 2324 389 2388 aevi
410 2329 612 2391 contemnere
634 2325 736 2390 vires.

74 2434 198 2520 Denique
221 2442 389 2522 tantopere
410 2439 493 2502 inter
514 2457 551 2504 se
573 2459 644 2504 oum
668 2439 807 2504 maxima
829 2439 938 2504 mundi

42 2559 150 2630 pugnent
170 2553 336 2632 membra,
352 2552 406 2636 pio
429 2571 631 2636 nequaqnam
654 2552 779 2618 oonoita
800 2553 906 2638 bello,

42 2681 119 2729 nonne
137 2667 224 2734 vides
246 2667 387 2749 aliquam
411 2666 498 2751 longi
522 2667 704 2734 certaminis
726 2668 800 2734 ollis

42 2795 112 2858 posse
131 2781 198 2848 dari
217 2783 334 2866 finem,
350 2781 402 2846 vel
424 2799 494 2848 oum
518 2781 566 2846 soi
589 2789 620 2847 et
643 2803 742 2866 vapor
764 2783 867 2848 omnis

43 2892 156 2961 omnibns
178 2890 284 2982 epotis
308 2895 471 2964 umoribus
494 2897 744 2982 exsuperarint?

43 3006 105 3085 quod
125 3008 225 3076 iacere
247 3011 435 3096 intendunt,
452 3031 557 3094 neque
581 3011 685 3078 adhue
708 3017 825 3077 oonata
846 3013 1031 3096 patrantur:

44 3125 133 3187 annm
154 3125 361 3211 suppeditant
382 3147 494 3193 amnes
517 3127 664 3208 ultraque
688 3125 849 3190 minantur

44 3236 124 3300 onnia
144 3239 301 3306 diluviare
324 3261 363 3306 ex
386 3241 452 3306 alto
474 3243 601 3324 gurgite
623 3241 742 3324 ponti,-

45 3363 68 3409 te
85 3352 244 3439 quiquam,
262 3356 411 3438 quoniam
435 3362 601 3422 verrentes
624 3374 764 3437 aequora
785 3355 871 3420 venti

45 3459 196 3533 teninuunt
219 3468 383 3552 radiisque
397 3479 551 3537 retexens
573 3469 734 3536 aetherius
757 3469 826 3554 soi,

46 3581 64 3636 tt
81 3579 187 3648 sineere
208 3583 297 3666 prius
319 3585 481 3650 oontidunt
502 3585 610 3651 omnia
632 3601 729 3668 posse

46 3707 111 3766 ruam
131 3694 232 3778 liquor
254 3699 371 3783 inrepti
392 3700 494 3784 possit
516 3701 700 3786 contingere
723 3699 838 3764 finem.

46 3805 134 3872 tntum
155 3812 311 3896 spirantes
333 3833 438 3898 aequo
462 3815 635 3882 certamine
658 3813 776 3880 beilum

47 3923 139 3999 matuis
159 3925 241 3994 inter
260 3949 297 3996 se
318 3929 358 3994 de
380 3931 476 3996 rebus
499 3948 631 3996 eernere
654 3935 794 4006 certant,

47 4045 94 4096 run
113 4042 204 4108 semel
225 4043 348 4110 interea
369 4042 465 4110 tuerit
487 4044 688 4129 superantior
709 4043 795 4126 ignis

48 4199 102 4214 ''h--

48 4303 81 4404 iti
100 4327 208 4379 popm.
237 4317 250 4388 i}
284 4323 334 4372 375
359 4337 373 4372 e
405 4315 418 4387 ii
450 4323 499 4370 377
529 4325 644 4376 mortalis
677 4323 690 4392 Η
722 4320 772 4370 382
801 4319 865 4370 olis.
896 4317 910 4386 Η
942 4321 992 4371 393
1020 4319 1086 4370 inter
1108 4334 1134 4370 te

49 4407 133 4449 mim.
