3110 5146
327 370 391 436 362
859 371 903 435 VI

413 541 487 608 226.
510 560 664 604 rrrnnrrs
696 561 961 612 uonrrnusous
996 540 1256 606 Consonrnus.
1275 541 1327 607 Sio
1355 541 1420 605 libri

329 650 454 710 veteres
486 649 519 709 et
545 643 742 708 Veronensis
771 643 891 708 editio.
907 643 1062 710 Marullus
1092 643 1259 710 verissime
1284 663 1440 708 norrun·

328 767 490 817 nosonn.
508 746 666 811 Antonius
681 744 775 810 Marii
798 752 830 811 et
853 745 1027 812 Brixiensis
1049 746 1154 814 editor
1175 746 1283 830 inepte
1302 747 1424 812 osotilm

328 847 490 934 usquam
514 847 736 914 Wakefieldus
758 848 876 932 probet
897 867 968 913 eum
990 849 1123 915 asseclis
1145 849 1233 914 suis.
1468 931 1471 940 .

414 951 487 1016 228.
523 951 596 1018 229.
634 951 798 1014 Tnausrr
840 971 928 1013 nuru
971 971 1137 1016 vsurnurr
1178 972 1343 1038 nunnus·
1362 970 1425 1012 nnn
1531 995 1532 998 ,

328 1075 442 1117 surus
464 1073 673 1138 nononun,
697 1053 851 1121 Curnon
877 1075 921 1117 nr
949 1075 996 1118 so
1023 1075 1165 1139 voons,
1188 1075 1344 1118 rnrnsrr
1363 1075 1426 1116 nnn

329 1177 548 1240 sssos,1’sn
575 1177 692 1221 sens.
709 1154 877 1238 Oblongus
904 1157 962 1222 dau
987 1181 1095 1224 uoooe.
1111 1182 1169 1244 per
1196 1179 1291 1222 ssxs
1314 1175 1426 1222 eorree

328 1267 380 1325 tor
406 1258 557 1344 quadrati
588 1266 620 1324 et
647 1259 741 1324 Itali.
758 1257 871 1323 horum
897 1259 986 1343 prior
1012 1278 1089 1344 pars
1117 1261 1150 1324 in
1177 1261 1282 1346 primo
1310 1279 1427 1344 quoque

328 1361 411 1428 libro
426 1362 543 1445 legitur
558 1361 603 1426 ita
617 1361 701 1445 489,
721 1362 850 1426 Transit
865 1362 1076 1448 onrbrflumen
1090 1361 1174 1426 caeli
1182 1385 1244 1447 per
1259 1375 1366 1448 saepto
1380 1361 1427 1426 do

328 1489 448 1530 morum
460 1512 469 1546 ‚
486 1463 613 1529 Clamor
634 1475 668 1526 ut
694 1461 740 1526 od
765 1485 853 1528 voces
863 1488 875 1548 ,·
890 1463 947 1530 ubi
969 1462 1172 1530 scribendum
1198 1485 1272 1532 esse
1299 1463 1428 1531 vidimus

330 1567 460 1632 Transit
481 1565 563 1631 enim
575 1565 706 1652 fulmen
724 1565 865 1650 eoelum,
880 1591 939 1652 per
955 1579 1064 1652 saepto
1086 1565 1250 1632 domorum
1266 1566 1429 1634 Clamorit

328 1692 366 1734 ac
387 1693 494 1734 voees.
510 1653 568 1733 sed
595 1667 653 1732 illa
681 1685 764 1751 qnae
786 1666 860 1732 libri
890 1666 1041 1734 exhibent
1063 1687 1104 1734 ne
1131 1667 1335 1751 hirquinum
1361 1667 1429 1733 ferri

330 1776 485 1856 possunt:
500 1789 575 1836 nam
597 1788 702 1853 neque
715 1760 890 1835 'domorum
917 1777 1032 1855 saepta
1054 1779 1118 1836 tam
1142 1771 1226 1838 dura
1248 1777 1323 1837 sunt
1343 1777 1375 1836 nt
1394 1789 1430 1836 ea

329 1874 456 1940 fulmini
478 1893 544 1939 non
567 1873 724 1939 obsistere
753 1871 934 1938 mirandum
961 1874 1022 1956 sit,
1038 1892 1144 1957 neque
1170 1871 1234 1938 hoe
1261 1893 1302 1940 ea
1322 1871 1431 1938 transit

331 1977 377 2042 ita
397 1985 433 2044 nt
455 1977 576 2042 olomor
603 1995 642 2040 ao
664 1995 782 2060 vooes,
799 1975 857 2041 sed
883 1975 1071 2061 plerumque
1097 1974 1199 2040 laedit
1227 1981 1261 2041 et
1285 1973 1429 2041 ulmodo

331 2079 451 2143 dietum
474 2085 523 2145 est
544 2076 692 2145 sooendit
714 2067 746 2143 et
767 2078 802 2143 in
824 2078 960 2144 aedibus
979 2077 1180 2144 dominatur.
1198 2077 1311 2163 itaque
1332 2078 1364 2142 iu
1386 2076 1430 2141 his

330 2199 458 2264 quoque
480 2179 569 2245 illum
584 2179 846 2265 interpolatorem
861 2179 1087 2266 philosophum
1107 2198 1274 2264 ugnoseo,
1289 2179 1345 2264 qui
1365 2197 1431 2246 enm

329 2282 499 2366 utrobique
517 2283 647 2348 Clausit
668 2285 751 2349 enain
756 2283 886 2370 fulmen
901 2283 1034 2367 legisset
1047 2332 1055 2367 ,
1071 2289 1127 2348 ent
1148 2289 1320 2366 utrumque
1335 2285 1430 2348 loonm

329 2384 451 2469 pariter
473 2385 668 2470 oorr'uperit‚
686 2392 742 2450 aut
763 2405 848 2469 quae
862 2386 896 2451 in
918 2384 999 2451 libro
1015 2385 1118 2471 primo
1138 2385 1203 2451 iam
1219 2392 1371 2470 corrupta
1390 2383 1431 2448 in·

330 2486 472 2553 venisset
494 2487 557 2553 huo
579 2489 726 2573 imperite
747 2487 963 2556 transtulerit.
979 2493 1077 2573 poeta
1099 2489 1180 2554 haee
1193 2493 1319 2554 tantum
1341 2485 1431 2567 serip-

329 2595 436 2672 serat‚
455 2591 586 2656 Transit
607 2593 689 2656 onim
711 2589 854 2656 ualidum
865 2589 995 2676 salma
1010 2615 1074 2678 per
1095 2615 1178 2657 saxa
1188 2639 1197 2674 ,
1209 2613 1274 2677 par
1295 2613 1390 2656 uera.

413 2692 486 2758 231.
521 2691 648 2758 Cunus
681 2713 769 2756 rnsu
802 2713 905 2755 vasus
939 2713 1113 2757 rnrnenrs
1146 2714 1234 2756 vius
1268 2710 1430 2756 nsrunrs

330 2795 586 2859 Drnruorsnr.
603 2794 778 2860 Lambinus
801 2797 872 2860 irem
894 2809 948 2860 ut.
964 2815 1044 2862 sano
1065 2819 1180 2861 curura
1205 2813 1279 2860 oum
1302 2791 1431 2879 simplici

329 2897 530 2963 ooniunotivo
555 2897 705 2963 dixerunt
731 2897 940 2983 pauoissimi.
956 2897 989 2962 in
1016 2897 1164 2963 omnibns
1188 2896 1297 2963 Plauti
1319 2915 1357 2962 ao
1377 2897 1432 2960 'le

330 2999 424 3064 rentii
446 2999 566 3066 sabulis
588 3020 687 3065 unum
710 2999 892 3084 exemplum
916 3006 984 3084 est,
1005 3000 1039 3065 in
1062 2999 1255 3066 Curculione
1277 3021 1321 3081 rs,
1334 2999 1363 3082 2,
1375 2999 1432 3064 31:

330 3101 389 3166 sed
410 3121 523 3168 versus
546 3103 629 3188 ruit,
645 3103 707 3168 nisi
730 3104 832 3184 ursel
855 3117 882 3169 es
897 3101 1081 3168 insuloimus
1103 3103 1168 3187 ita,
1184 3101 1346 3188 Eldquors
1360 3097 1434 3187 quid

331 3205 380 3268 osb
393 3251 400 3266 .
414 3209 530 3290 qudeso
543 3206 787 3288 allaborasse,
800 3203 871 3291 [ut]
883 3205 957 3270 bene
967 3205 1009 3270 sit
1020 3206 1090 3270 ori.
1102 3203 1178 3269 item
1191 3204 1223 3268 in
1235 3223 1336 3270 versu
1348 3204 1432 3268 Pom·

329 3305 438 3391 ponii,
455 3307 510 3389 qui
534 3313 583 3372 est
597 3306 685 3391 apud
701 3307 843 3374 Nonium
858 3327 890 3392 p.
902 3307 975 3391 275,
987 3305 1030 3371 24
1051 3311 1083 3372 et
1099 3304 1174 3389 469,
1186 3303 1249 3388 20,
1266 3306 1374 3390 potius
1388 3309 1433 3370 est

328 3414 363 3472 ut
373 3409 550 3474 scribamus
557 3409 667 3496 quris
679 3410 794 3476 curabo
806 3423 859 3494 ut,
875 3411 934 3475 udr'
941 3410 1122 3496 cepsuerint,
1139 3431 1244 3474 omnes
1255 3433 1324 3476 aaa
1335 3433 1432 3474 ossen

328 3513 428 3594 riost,
445 3531 540 3595 quam
568 3531 640 3577 oum
662 3509 796 3577 Munlrio
818 3531 850 3595 p.
862 3513 905 3578 92
927 3513 1036 3598 Mopse
1060 3509 1177 3576 onrado
1198 3511 1258 3577 ubr'
1267 3559 1275 3576 .
1295 3510 1431 3577 Luoilius

328 3614 415 3699 apud
429 3614 567 3680 Nonium
579 3635 610 3699 p.
621 3615 681 3680 118
693 3637 806 3680 curare
817 3613 905 3680 moni
913 3617 977 3680 sint
988 3611 1127 3679 Gordius
1138 3660 1147 3694 ,
1159 3612 1301 3680 ascidas
1311 3662 1320 3696 ,
1327 3613 1430 3699 putori,

328 3717 490 3798 nouario’,
506 3729 627 3783 textor.
643 3716 676 3781 in
689 3717 800 3783 lexiois
817 3722 866 3783 est
880 3737 921 3784 ex
932 3714 1096 3788 Ciceronis
1112 3715 1260 3800 epistulis
1275 3737 1311 3792 n,
1323 3715 1353 3798 8,
1368 3715 1383 3778 l
1398 3736 1431 3778 ur

327 3819 387 3884 illa
401 3818 527 3904 quidem
542 3843 617 3886 curo
636 3820 719 3884 milri
729 3820 871 3901 roribus,
889 3825 920 3884 et
935 3838 975 3884 ex
991 3816 1139 3884 Phaedro
1161 3837 1192 3898 n,
1205 3817 1226 3882 2
1240 3819 1309 3882 ium
1324 3815 1431 3882 ουταόο

328 3923 441 3985 sentiar
457 3921 541 4000 Quos
556 3920 756 3987 adsentaris.
777 3919 868 3987 addit
882 3921 1085 3986 Burmannus
1096 3919 1296 3985 Petroniana
1310 3937 1351 3984 ex
1365 3935 1430 3999 esp·

327 4022 369 4088 58
382 4070 389 4104 ‚
406 4023 521 4088 carabo
536 4023 602 4088 iona
614 4024 675 4089 ribi
682 4023 768 4089 Iovrls
784 4025 888 4089 butus
903 4025 944 4088 sit
960 4035 988 4088 et
999 4023 1057 4088 issi
1065 4023 1124 4108 qai
1136 4023 1196 4087 lr'br'
1203 4045 1268 4086 nors
1282 4023 1413 4106 stupetur
1421 4040 1431 4098 ,·

327 4124 450 4190 soilioet
464 4123 620 4208 magistro
637 4131 690 4190 tuo
707 4125 944 4210 Agamemnoni
958 4125 1048 4208 (nam
1065 4124 1254 4208 interpretes
1271 4143 1337 4189 non
1352 4125 1430 4188 reolo

329 4227 491 4312 capiunt);
508 4233 540 4292 et
562 4245 602 4292 ex
618 4226 732 4293 eodem
747 4229 853 4312 eapite
868 4229 984 4294 onrado
999 4227 1089 4312 lonpe
1109 4227 1172 4292 ribi
1181 4227 1223 4292 os't
1235 4225 1363 4291 romulu
1375 4224 1430 4288 nu

328 4330 459 4395 bmsulrlr
472 4377 479 4393 .
494 4329 615 4395 Fronto
627 4329 726 4414 unns
741 4331 796 4414 (78
808 4330 863 4414 N.)
875 4331 1037 4415 tabr‘ooepe
1048 4351 1177 4395 numero
1188 4326 1384 4408 eorundum,
1399 4324 1429 4388 io

329 4432 481 4496 theatrum
493 4455 616 4498 crocum
629 4431 719 4516 leupo
731 4432 835 4519 adque
846 4433 909 4498 alte
920 4433 1137 4518 exprimatur.
1153 4431 1187 4495 in
1199 4429 1365 4496 Ciceronis
1376 4443 1428 4511 pro

330 4532 472 4598 Caenina
484 4533 630 4600 oratioue
641 4531 715 4600 libri
723 4533 952 4618 dissentiunt§.
962 4533 998 4598 11
1010 4582 1018 4618 ,
1031 4535 1154 4598 curavit
1161 4530 1230 4620 [ur]
1241 4533 1278 4596 r'u
1290 4525 1427 4616 sofoado
