2996 5148
521 411 567 474 VI

30 581 150 646 sustituit
170 589 280 648 natura
300 583 428 649 minutis
450 581 686 665 mobilibusque

30 698 193 782 orporibus,
210 699 257 763 eni
280 699 325 762 nil
348 699 476 764 omnino
500 697 654 763 obsistere
676 698 797 783 possit.

30 813 104 876 ausit
124 813 203 878 enim
222 813 363 880 validum
385 812 505 878 fulmen
527 833 584 897 per
607 832 708 897 saxa,
725 831 782 896 per
804 833 901 880 aera.

30 927 191 1010 dliquidum
212 933 331 1014 puneto
353 927 430 993 fauit
451 947 508 994 aes
530 928 561 991 in
585 933 726 1010 tempore
749 935 781 994 et
804 947 937 1014 aurum,

31 1051 83 1108 uu
101 1044 160 1108 ntei
181 1043 267 1110 vasis
291 1043 422 1125 integris
444 1042 520 1108 vina
542 1048 675 1126 repente

30 1157 170 1242 ¹iiiugiant,
186 1159 283 1243 quia,
300 1159 332 1222 ni
355 1158 488 1234 mirum,
504 1157 598 1222 fenile
622 1157 731 1222 omnia
752 1158 870 1224 nircum

30 1273 132 1338 onlaxat
151 1293 286 1357 rareque
308 1273 385 1339 sarit
406 1272 596 1338 lateramina
618 1272 704 1338 vasis

30 1385 154 1451 dveniens
170 1369 265 1454 'eaior
290 1389 378 1471 eius,
396 1395 426 1452 et
447 1387 625 1454 insinuatus
648 1387 679 1452 in
704 1387 809 1472 ipsum

30 1501 141 1566 robiiiter
160 1503 295 1570 soluens
317 1502 420 1568 differt
442 1499 618 1586 primordia
639 1501 724 1566 vini.

30 1615 76 1680 nod
95 1616 164 1682 solis
185 1637 290 1703 vapor
312 1623 446 1682 aemtem
471 1635 535 1680 non
557 1635 654 1701 posse
676 1616 803 1681 videtur

30 1731 112 1796 dicere
132 1753 228 1816 usque
251 1722 336 1797 aden
359 1730 486 1816 pollens
509 1728 634 1796 fervore
657 1749 813 1796 corusco.

30 1854 76 1908 uto
96 1847 234 1912 mobilior
259 1847 310 1912 vis
333 1853 364 1910 et
386 1845 602 1910 dominantior
625 1847 704 1910 base
727 1852 794 1911 est.

41 1961 111 2026 i'une
130 1982 168 2028 ea
189 1983 253 2045 quo
279 1967 375 2045 paeto
397 1961 570 2046 gignantur
593 1967 623 2025 et
644 1961 761 2046 impete
783 1968 873 2028 tanto

30 2086 69 2138 ent
86 2083 113 2140 ut
131 2077 256 2162 possint
279 2076 347 2141 iotn
369 2076 549 2142 discludere
571 2075 684 2152 turris,

30 2185 154 2257 inturbare
176 2192 314 2274 domos,
332 2191 472 2258 avellere
494 2191 583 2272 tigna
608 2191 799 2274 trabesque,

30 2301 170 2372 riunena
191 2307 299 2372 virum
324 2305 499 2372 commoliri
523 2311 620 2388 atque
643 2307 746 2391 aiere,

30 2419 157 2489 rruiuere
182 2423 352 2504 homines,
368 2419 510 2506 peeudes
532 2428 735 2506 prosternere
758 2421 901 2506 passim,

30 2541 90 2599 edera
108 2539 142 2602 de
164 2557 289 2621 genere
312 2537 373 2602 hoe
396 2537 511 2620 quavi
534 2535 639 2602 faeere
663 2537 770 2602 omnia
791 2537 935 2622 possint,

30 2649 163 2738 rprdiam,
181 2673 291 2737 neque
314 2659 345 2718 te
368 2652 400 2718 in
423 2651 589 2736 promissis
611 2653 703 2738 plura
727 2653 897 2718 morabor.

39 2761 160 2832 Fulmina
181 2769 313 2852 gignier
336 2788 353 2832 e
377 2768 496 2834 crassis
518 2767 646 2850 alteque
668 2767 878 2852 putandumst

30 2879 116 2950 obibus
136 2885 311 2952 extructis:
329 2903 403 2948 nam
426 2882 516 2950 eaelo
540 2883 630 2948 nulla
652 2901 766 2948 sereno

30 3013 52 3058 ee
70 2997 166 3068 leviter
188 3001 303 3068 densis
326 2999 491 3064 mittuntur
510 2997 649 3062 nubibus
672 3017 843 3079 umquam.

30 3127 63 3172 uu
82 3115 169 3182 dnbio
191 3115 308 3202 proeul
332 3115 393 3180 hoe
414 3113 482 3180 fieri
505 3111 677 3178 manifesta
702 3112 795 3176 doust
816 3129 888 3193 res3

30 3228 72 3290 uod
91 3235 150 3294 turn
172 3251 231 3318 per
254 3236 356 3296 totum
379 3235 587 3296 noneresennt
609 3234 684 3294 a'e'ra
705 3227 826 3309 nubes,

30 3339 118 3425 ulique
138 3348 182 3412 nti
204 3345 360 3414 tenebras
383 3345 487 3410 omnis
510 3343 693 3410 Acherunta
714 3361 841 3407 reamur

30 3456 112 3532 quiue
133 3467 166 3526 et
186 3481 326 3544 magnas
348 3460 427 3526 eaeli
451 3459 630 3544 complesse
654 3475 828 3522 navemus.

30 3585 84 3650 tque
104 3576 181 3644 adeo
204 3583 291 3643 tetra
314 3575 492 3640 nimborum
517 3581 608 3638 noete
632 3579 741 3638 coorta
834 3573 844 3592 '
940 3595 975 3658 s

30 3690 151 3766 *pendent
172 3699 265 3758 atrae
288 3689 467 3756 formidinis
491 3709 549 3755 orn
571 3707 728 3774 superne,

30 3817 61 3865 un
79 3807 248 3874 commoliri
270 3811 447 3892 tempestas
469 3804 603 3872 fulmina
625 3808 773 3890 eoeptut.

30 3997 179 4018 ...ἣ-Ὦ·-

30 4133 50 4180 id
63 4141 248 4206 montibusque.
271 4139 284 4210 ΙΙ
307 4141 357 4190 228
376 4155 419 4204 per
437 4149 508 4203 septu
526 4139 676 4188 domorum.
697 4135 711 4205 Η
731 4137 782 4184 229
801 4133 905 4185 Clamor
929 4139 957 4180 ut
978 4145 1008 4180 ae
1032 4145 1108 4180 voees

30 4227 79 4274 ‘bit
95 4245 136 4291 per
151 4245 224 4280 nesea
242 4245 289 4292 per
307 4243 382 4278 aera.
408 4227 420 4293 ΙΙ
445 4230 493 4276 231
515 4227 576 4278 item
601 4223 614 4294 Η
638 4227 689 4275 234
708 4231 737 4272 ut
761 4223 774 4290 Η
801 4223 849 4272 237
871 4220 959 4270 tollens
978 4219 1074 4268 terrere
1093 4215 1105 4282 ΙΙ

30 4309 47 4356 ll
65 4313 117 4376 igue
135 4315 147 4384 li
168 4319 218 4366 242
232 4316 392 4366 monimenta
411 4311 425 4382 ΙΙ
445 4316 495 4365 245
509 4322 534 4364 te
547 4315 685 4366 omissam.
707 4308 721 4380 ΙΙ
741 4313 791 4360 246
805 4309 877 4376 gigni
889 4323 903 4358 e
915 4305 1002 4356 etuas
1023 4304 1035 4374 Η
1057 4307 1108 4356 250

30 4409 57 4446 uc
