3036 5150
313 370 355 436 72
855 371 871 436 Ι

311 542 429 608 lectum
459 539 578 624 refert,
599 538 698 623 idque
727 537 976 606 Henrichsenius
1010 539 1198 608 confirmat.
1230 545 1280 606 cst
1311 545 1409 606 autem

312 645 415 711 crucis
437 641 526 708 illius
548 642 663 708 eadem
685 641 855 725 utrobique
871 641 1085 726 significatio:
1101 663 1176 710 nam
1190 644 1225 708 in
1240 643 1349 708 codiee
1362 641 1412 708 oh

212 795 215 800 -
312 748 412 830 longo
435 743 487 811 hic
509 745 648 829 spatium
672 749 743 811 ooto
765 743 912 811 versibus
935 744 1130 831 recipiendis
1152 751 1264 831 aptum
1278 745 1413 811 relictum

312 855 381 916 est.
398 849 463 913 iam
486 846 565 932 quid
587 847 647 913 hoo
669 848 715 913 rei
738 846 780 912 sit
794 852 949 932 apparet.
965 847 999 912 in
1014 847 1096 914 libro
1120 866 1159 913 eo
1181 867 1221 914 ex
1241 845 1306 933 quo
1320 847 1413 914 nostri

312 950 464 1035 descripti
492 955 566 1014 sunt
590 969 667 1034 pers
694 947 834 1016 schedae
861 951 1001 1016 rescissa
1027 956 1116 1016 erat:
1149 971 1262 1017 versus
1290 950 1413 1017 octoin

311 1051 374 1119 fine
400 1052 530 1118 mutilos
558 1052 693 1136 scriptor
720 1050 854 1136 oblongi
880 1053 1042 1120 servarit:
1069 1053 1123 1137 qui
1150 1054 1259 1139 capite
1284 1053 1413 1119 truncati

314 1163 423 1222 essent
445 1155 478 1220 in
500 1153 624 1239 pagina
646 1153 820 1240 interiore,
844 1174 899 1221 eos
922 1161 994 1220 octo
1015 1175 1057 1223 ne
1072 1155 1124 1222 hio
1138 1155 1269 1240 quidem
1284 1154 1416 1222 seribere

312 1278 410 1324 ausus
427 1262 476 1323 est
491 1305 498 1320 .
514 1257 596 1322 bene
612 1255 654 1322 sit
670 1255 738 1338 illi,
755 1256 841 1340 quod
857 1256 1016 1324 delectum
1031 1263 1097 1324 tam
1109 1257 1235 1326 curiose
1246 1258 1415 1325 indicavit:

312 1361 371 1430 sed
397 1359 474 1444 quid
497 1357 539 1424 de
552 1359 776 1445 Havereempo
792 1357 955 1444 dicemus,
975 1361 1028 1445 qui
1044 1360 1105 1426 hoc
1119 1381 1160 1427 ne
1175 1380 1417 1427 commemoren-

312 1464 388 1531 dum
405 1462 535 1548 quidem
551 1461 707 1527 duxerit?
729 1466 870 1528 ceterum
884 1483 1036 1528 numerus
1051 1483 1201 1530 versuum
1220 1463 1351 1531 adeam
1372 1483 1416 1529 ra·
1512 1497 1513 1532 i

313 1568 432 1633 tionem
466 1584 563 1648 qnam
592 1583 692 1648 supra
717 1565 853 1649 exposui
881 1564 1026 1631 absolute
1055 1567 1230 1633 convenit.
1254 1566 1289 1632 in
1316 1567 1416 1652 priore
1512 1557 1513 1596 ³

312 1668 452 1737 schedae
473 1673 566 1754 parte
590 1664 717 1732 fuerunt
738 1686 851 1734 versus
873 1667 987 1751 viginti
1010 1688 1088 1754 sex,
1120 1689 1201 1753 quos
1226 1671 1341 1736 notari
1365 1691 1415 1734 nu·
1512 1695 1513 1710 2

312 1773 409 1838 meris
432 1790 453 1836 a
477 1770 558 1837 1068
574 1769 617 1834 ad
635 1770 737 1855 1093,
761 1769 794 1834 in
817 1769 957 1836 adversa
977 1771 1091 1855 viginti
1115 1777 1267 1856 quattuor
1289 1771 1415 1856 relicui,
1512 1799 1513 1808 ι

312 1875 426 1962 quibus
455 1871 599 1939 subiecta
626 1877 719 1937 erant
739 1892 779 1938 ee
802 1891 885 1957 quae
908 1873 1067 1957 oblongus
1089 1873 1187 1939 habet
1208 1881 1323 1940 contra
1344 1875 1417 1941 anti·

311 1979 458 2064 quiorum
491 1993 583 2040 usum
612 1973 645 2040 in
673 1995 798 2042 summa
827 1975 949 2060 pagina
975 1975 1113 2060 scripta,
1143 1997 1219 2039 τιτι
1245 1995 1417 2041 nncnnrrr

311 2100 398 2144 CARI
423 2099 470 2142 nb
497 2097 621 2141 RERUM
648 2099 796 2144 NATURA
818 2099 928 2142 LIBER
954 2099 966 2140 1
988 2099 1168 2142 EXPLICIT
1196 2101 1344 2158 mcum
1369 2100 1416 2142 hl·

310 2203 379 2246 nnn
406 2200 619 2244 snonnnns.
635 2177 693 2246 sed
721 2180 762 2245 ab
789 2199 828 2247 eo
860 2180 954 2248 huius
982 2179 1057 2246 libri
1084 2200 1180 2248 versu
1210 2182 1266 2267 qui
1292 2189 1417 2250 notatus

311 2290 360 2351 est
375 2303 508 2350 numero
525 2281 608 2365 785,
631 2299 727 2366 quem
741 2282 883 2350 schedae
897 2289 1009 2350 sextae
1025 2282 1169 2349 decimae
1187 2285 1336 2351 ultimum
1352 2303 1417 2352 esse

309 2385 403 2452 docui
427 2384 469 2450 ad
492 2405 620 2451 versum
645 2385 727 2469 734,
751 2405 852 2470 usque
873 2385 917 2452 ad
940 2385 1045 2470 1068,
1071 2385 1127 2470 qui
1150 2391 1199 2451 est
1221 2387 1364 2472 primus,
1386 2393 1417 2453 ut

310 2495 407 2572 puto,
430 2487 603 2554 vicesimae
625 2488 759 2572 tertiae,
789 2493 864 2553 sunt
885 2488 1029 2554 carmina
1050 2509 1200 2552 ocenum
1225 2495 1258 2555 et
1280 2489 1417 2575 capitula

311 2591 393 2674 tria,
416 2589 477 2656 hoc
499 2597 549 2656 est
569 2609 682 2657 versus
705 2609 851 2654 cccxxxv
860 2599 871 2674 “,
895 2609 979 2674 quae
1004 2597 1078 2657 sunt
1099 2593 1241 2678 paginae
1269 2611 1416 2659 versuum

310 2693 459 2760 vicenum
475 2713 587 2759 senum
609 2691 756 2766 undecim
778 2711 843 2758 uno
867 2713 963 2760 versu
984 2693 1111 2778 minus,
1135 2713 1206 2760 cum
1228 2695 1345 2761 rationi
1367 2693 1416 2760 de

242 2851 248 2866 .
308 2797 445 2862 beantur
460 2795 651 2880 duodecim,
669 2795 820 2878 quoniam
836 2795 954 2861 librum
969 2796 1145 2862 secundum
1161 2797 1195 2862 in
1210 2797 1320 2863 antica
1334 2795 1416 2862 sche

310 2899 372 2966 dne
395 2899 517 2984 pagins
535 2897 676 2983 incipere
695 2895 739 2962 ad
759 2897 853 2964 huius
869 2916 999 2964 versum
1015 2898 1078 2965 253
1093 2897 1298 2968 videbimus.
1315 2900 1416 2983 itaque

310 3001 343 3068 in
361 3002 471 3068 codice
493 3001 669 3086 archetypo
692 3019 789 3064 unam
812 3019 853 3066 ex
876 3000 926 3079 his
950 2999 1119 3068 duodecim
1134 3001 1264 3086 paginis
1280 3002 1361 3068 nihil
1374 3001 1415 3066 iu·

311 3104 466 3189 scriptum
489 3103 641 3170 habuisse
663 3101 807 3187 conicio,
831 3108 907 3169 ante
928 3123 1056 3170 versum
1076 3110 1181 3170 antem
1198 3103 1259 3171 921
1286 3103 1416 3171 intersti-

311 3207 391 3274 tium
416 3205 536 3291 fuisse,
560 3205 648 3290 quod
670 3204 795 3270 librarii
818 3206 920 3272 nostri
942 3205 1162 3290 neglexerint.

398 3308 489 3376 1105.
513 3311 618 3375 Nure
633 3326 756 3372 nuans
772 3328 883 3371 oannr
897 3329 1134 3372 nounrnanra
1149 3329 1296 3374 usurus
1308 3359 1316 3375 .
1328 3309 1413 3375 mu-

311 3411 405 3478 binus
433 3411 541 3496 inepte
564 3410 747 3477 concientia.
763 3415 839 3477 ante
861 3430 935 3476 eum
957 3411 1107 3498 impressi
1129 3411 1203 3478 libri
1225 3431 1336 3480 omnes
1356 3431 1413 3474 rn-

310 3533 500 3577 nnrnsurs
530 3513 666 3600 templa.
684 3511 860 3596 quadratus
886 3514 936 3580 Ne
962 3527 1105 3582 certam.
1120 3514 1264 3580 Lucilius
1285 3517 1412 3602 scopan-

310 3613 404 3682 dutoe
425 3638 458 3680 se
480 3639 561 3681 mnne
582 3617 618 3680 in
637 3613 786 3702 ,cladium
808 3617 987 3699 incumbat,
1010 3641 1049 3682 ne
1071 3617 1193 3683 caelum
1214 3631 1311 3684 ruat:
1331 3612 1411 3703 apud

310 3715 451 3784 Nonium
474 3737 505 3801 p.
521 3718 594 3797 502,
618 3717 638 3783 8
660 3741 704 3782 aa
725 3719 761 3782 t'rr
783 3723 814 3784 et
835 3719 957 3784 caelum
978 3720 1084 3784 orbat.

399 3819 490 3886 1106.
513 3841 557 3884 nn
584 3840 695 3884 ousrs
726 3857 767 3866 —
799 3820 890 3888 1108.
919 3840 1066 3884 svenne
1092 3843 1161 3887 run
1186 3843 1301 3888 runnu
1325 3841 1409 3887 uro·

310 3943 479 3988 sunnon.
495 3924 538 3988 Ει
560 3947 664 3988 omncs
678 3925 785 4008 prima
806 3942 904 3989 manu
920 3923 1101 4007 oblongus.
1117 3925 1178 3992 hoc
1200 3926 1408 4013 probarl‘non

311 4024 442 4090 debuit:
458 4025 565 4090 nullus
593 4025 678 4090 enim
708 4025 760 4092 hic
783 4027 817 4092 in
840 4045 946 4092 rerum
969 4027 1190 4094 universarum
1214 4031 1340 4097 interitu
1360 4027 1408 4092 ho

310 4125 432 4192 minum
448 4127 742 4193 commemorationi
758 4129 847 4196 locus
862 4135 930 4215 est,
952 4129 1045 4214 quasi
1062 4129 1095 4195 in
1111 4131 1159 4197 eis
1174 4150 1298 4198 summa
1311 4149 1407 4197 rernm

311 4227 354 4295 sit
367 4276 375 4294 .
390 4229 574 4295 necessario
602 4229 806 4298 scribendum
833 4238 882 4297 est
904 4246 933 4299 et
955 4253 1071 4297 ousrs
1094 4270 1136 4280 -
1158 4236 1289 4301 abeunt.
1305 4231 1406 4314 Vergi-

176 4319 179 4327 ’
309 4331 389 4396 lium
405 4332 451 4396 ita
465 4331 498 4396 in
514 4351 626 4398 versus
642 4331 705 4399 fine
720 4334 866 4420 posuisse
886 4336 964 4421 poris
981 4337 1129 4422 protritos
1151 4339 1257 4402 moris
1278 4337 1353 4402 den.
1366 4352 1404 4414 vs,

310 4433 374 4518 33,
397 4453 490 4500 nemo
508 4435 658 4518 ignorat.
675 4437 827 4504 eidemin
843 4437 1019 4520 georgicon
1035 4457 1077 4522 rr,
1093 4438 1155 4504 221
1170 4437 1262 4506 dcam
1281 4457 1405 4522 namque

310 4537 358 4601 ire
368 4561 429 4625 per
444 4539 548 4602 omnio
571 4557 629 4623 pro
648 4563 709 4625 per
731 4543 832 4606 omnis
847 4539 977 4623 egregie
999 4541 1138 4607 restituit
1152 4541 1351 4624 Perloampus
1364 4533 1402 4599 nd
