3110 5146
328 355 392 426 322
868 354 895 424 V

416 531 489 598 953.
512 549 716 595 eonrnuur.
744 527 818 597 959.
841 527 1044 594 normanni.
1066 527 1143 595 Itali
1168 527 1335 613 utrobique
1359 547 1426 590 snr-

330 655 445 700 naun.
460 639 495 700 at
508 631 749 716 Wakefieldun,
765 635 895 717 poetam
916 651 982 698 non
1003 631 1132 716 patiens
1150 636 1216 697 tam
1237 647 1317 715 pure
1337 647 1427 714 quam

329 737 412 804 nolet
432 735 543 821 loqui,
560 734 662 803 altere
684 735 756 802 loon
779 733 909 820 sempsit
928 733 1086 800 scierant.
1144 755 1148 764 ·
1235 721 1237 724 ’

414 839 487 906 962.
510 858 679 903 nuannar
701 857 897 903 connoan.
920 833 1105 916 Quadratus
1132 835 1280 902 mahat.
1301 833 1373 901 Itali
1399 840 1429 900 et

330 941 509 1008 Brixiennin
532 939 638 1008 editor
659 959 869 1008 runonnrn.
1087 929 1089 934 ’

415 1044 488 1111 969.
511 1043 585 1110 970.
607 1043 915 1115 Sannrarnreonn
935 1060 1053 1106 ranna
1081 1059 1195 1106 anana
1216 1059 1428 1106 annonarum

329 1167 480 1212 unuani
496 1146 706 1212 Nunnnnrr
721 1167 886 1231 rnnarn,
902 1163 1099 1210 noernano
1114 1162 1287 1208 rnrrronn
1309 1163 1428 1208 crrrn.

328 1250 389 1316 Hie
421 1247 531 1315 omnia
562 1249 645 1314 mira
670 1255 768 1327 nunt.
791 1248 927 1334 primum
961 1247 1060 1334 Itali,
1082 1265 1125 1313 ne
1150 1265 1265 1314 verano
1293 1245 1429 1327 labaret,

328 1353 526 1438 seripserunt
547 1353 677 1417 maban.
694 1356 728 1416 at
742 1355 840 1436 potita
854 1350 888 1416 in
902 1371 946 1436 vr,
958 1350 1023 1418 974
1033 1349 1095 1417 977
1118 1350 1167 1416 ita
1179 1367 1249 1416 non
1264 1347 1364 1433 dixit,
1378 1346 1430 1416 eod

328 1455 425 1521 eoban
449 1459 587 1539 utroque
610 1453 721 1521 brevi.
738 1471 794 1518 eur
820 1451 917 1538 igitur
938 1451 990 1518 hie
1016 1469 1081 1518 non
1102 1452 1232 1538 eompait
1254 1451 1430 1538 Suetium·

330 1581 390 1644 que
411 1557 507 1623 subm
529 1553 765 1638 nimlleslquia
785 1560 855 1621 tota
873 1553 955 1622 bueo
975 1553 1140 1620 bominum
1155 1574 1228 1622 enm
1251 1554 1363 1622 anibur
1376 1553 1432 1620 eol-

327 1659 407 1727 latio
430 1659 542 1744 inepta
563 1665 632 1726 eat.
648 1656 822 1724 eonsidera
842 1657 927 1724 enim
954 1655 1038 1724 hano
1059 1675 1248 1743 perversam
1270 1656 1432 1724 sententia·

327 1782 397 1828 rum
432 1779 644 1846 eompagem.
668 1757 766 1826 ‘lenae
799 1760 926 1828 muitaa'
953 1760 1058 1844 inquit
1086 1757 1297 1844 ‘vinoebant‚
1319 1775 1432 1848 paueat

326 1863 461 1932 latebris
482 1861 584 1930 abditi
600 1861 771 1947 vitabant,
794 1869 827 1929 et
840 1861 1012 1947 randgeria
1027 1861 1139 1928 autom
1160 1881 1261 1948 paren
1283 1862 1369 1928 bnmi
1383 1859 1432 1926 ab

327 1967 401 2036 ieeti
416 1965 583 2032 nudabant
597 1963 742 2031 membra
753 1966 772 2030 .'
788 1965 951 2032 auduom
965 1963 1072 2032 vero?
1086 1963 1140 2047 qui
1156 1983 1198 2030 ne
1214 1963 1357 2050 pellibus
1370 1961 1432 2047 qni·
1531 2023 1532 2052 *

327 2073 402 2138 dem
417 2073 601 2136 uterentur.
617 2064 677 2134 sed
692 2065 754 2134 boo
772 2067 1007 2135 ineommodum
1022 2066 1197 2134 Lambinus
1216 2066 1342 2134 levavit
1355 2071 1433 2132 rente

327 2169 498 2241 scribendo
519 2169 679 2236 silvestria
699 2171 838 2237 mandra
852 2168 951 2236 Nudo
965 2189 1116 2234 manaan
1130 2182 1257 2242 tenua.
1273 2174 1380 2236 manet
1391 2173 1433 2234 ta·

326 2295 401 2342 men
422 2275 475 2342 vel
497 2273 546 2340 aio
567 2269 647 2338 iliud
668 2271 816 2338 obtmum
843 2277 876 2338 et
901 2271 1086 2357 plumbeum
1109 2290 1268 2356 aoumen,
1284 2269 1370 2356 qnod
1390 2275 1434 2336 eat

326 2378 360 2444 in
383 2375 565 2444 bominibus
580 2391 651 2440 oum
673 2373 784 2441 unibus
800 2373 1047 2459 comparandis.
1065 2393 1144 2459 ergo
1166 2373 1201 2440 in
1215 2371 1353 2442 latebris
1373 2371 1432 2454 illi,

327 2480 406 2548 ferie
429 2497 511 2564 quaa
533 2477 717 2544 vitaverant
738 2476 800 2562 ipai
820 2477 963 2560 nimiter,
979 2475 1064 2542 undi-
1081 2475 1388 2562 prontemebantur.
1402 2477 1433 2538 nt

326 2583 484 2664 laterent,
499 2585 598 2666 puto.
615 2579 712 2646 immo
727 2592 878 2646 evermo
900 2591 1036 2666 tempore
1057 2580 1165 2666 eapa':
1179 2577 1242 2646 boe
1265 2578 1351 2646 enim
1372 2575 1434 2644 adi-
1530 2663 1531 2668 ἵ

327 2685 428 2750 nitur.
444 2687 542 2768 atque
556 2682 671 2749 endem
685 2686 780 2748 noete
791 2680 839 2746 illi
858 2682 968 2748 aurbun
979 2705 1077 2769 paren
1092 2679 1188 2747 domo
1203 2699 1310 2748 aaxea
1323 2680 1432 2748 eininn

326 2794 377 2853 tur
392 2785 578 2874 Spuma'qeri
589 2785 657 2850 narb
676 2783 812 2850 odram
826 2782 965 2850 adelidae
987 2784 1106 2851 leand.
1122 2803 1185 2850 uon
1207 2785 1316 2868 potuit
1336 2783 1432 2850 booue
1530 2783 1531 2846 ;

326 2889 407 2956 etin
422 2893 492 2954 arte
506 2885 666 2972 perlaetus
678 2891 777 2972 poeta
787 2885 868 2952 baee
878 2891 943 2952 tam
956 2886 1052 2953 stulte
1063 2885 1283 2968 coniungere.
1300 2887 1380 2953 ‘raro
1391 2885 1431 2950 tn

231 3019 236 3028 ·
325 2991 424 3057 tebrin
439 2989 586 3056 vitabant
601 2989 709 3068 seraa,
725 2994 758 3055 et
778 2988 892 3055 suibus
906 2987 1030 3056 similes
1050 2987 1129 3054 nudi
1152 2993 1184 3054 et
1197 2987 1370 3055 frondibus
1390 2987 1431 3052 in·

325 3093 427 3162 voluti
449 3091 600 3159 iaeebant
621 3097 715 3158 noete
737 3091 843 3176 muti,
860 3109 960 3176 saepe
981 3097 1088 3158 tamen
1104 3089 1243 3157 amount
1261 3090 1366 3158 leonia
1380 3085 1431 3154 ad·

325 3202 424 3263 ventu
456 3193 563 3260 saxeis
592 3193 684 3260 teatin
714 3191 871 3260 exoedere
897 3193 1095 3276 cogebantur
1110 3194 1128 3260 .’
1152 3191 1217 3259 iam
1245 3213 1327 3262 vero
1359 3187 1430 3257 illud

325 3298 421 3362 nebus
439 3318 537 3383 parea
559 3295 624 3361 aiio
639 3293 762 3362 reterre
781 3300 994 3380 temptemus,
1010 3295 1132 3362 aoilioet
1153 3293 1196 3362 ad
1216 3295 1307 3363 vireo
1329 3300 1361 3363 et
1373 3292 1431 3359 for·

324 3397 493 3464 titudinem
509 3397 684 3484 primorum
701 3395 904 3463 mortalium:
920 3399 1028 3464 atatim
1044 3398 1154 3466 omnia
1171 3398 1352 3465 raetianime
1366 3413 1430 3482 pro

326 3500 442 3568 eedent
463 3499 524 3566 boo
538 3499 634 3567 modo
647 3545 655 3564 .
670 3497 798 3566 ‘multus
813 3498 902 3566 ieras
921 3500 1115 3584 numnam,
1130 3519 1254 3586 paneae
1270 3499 1428 3580 vitabant,

325 3621 396 3670 oum
418 3623 461 3670 ne
481 3602 653 3686 saetigerie
668 3601 780 3668 suibus
797 3600 926 3684 quidem
948 3617 978 3669 at
992 3603 1133 3670 lwnrbua
1147 3603 1292 3690 imparem
1307 3605 1428 3668 emant.

325 3725 397 3772 oum
419 3719 522 3771 aaran
543 3723 610 3770 non
624 3703 816 3788 ingmebat,
832 3706 868 3769 in
889 3706 978 3771 aava
991 3703 1069 3772 nudi
1092 3705 1365 3790 procumbebant,
1380 3701 1429 3768 do

325 3827 385 3875 nee
407 3807 474 3874 euin
489 3813 545 3873 aut
558 3805 663 3873 leonis
678 3811 765 3871 metu
780 3813 1017 3874 exterrerentur
1031 3808 1181 3874 eavernio
1195 3814 1229 3875 et
1246 3805 1401 3875 eubilibm
1411 3807 1428 3868 .’

326 3911 426 3995 bano,
442 3909 573 3994 inquom
587 3955 601 3994 ‚·
612 3906 695 3975 beno
709 3906 907 3994 proeedunt,
922 3908 981 3976 aed
996 3917 1133 3997 apparet
1154 3910 1334 3978 orationem
1348 3925 1429 3975 man

325 4031 395 4078 eam
418 4031 512 4080 eane:
528 4011 646 4077 denunt
667 4010 753 4076 enim
780 4029 821 4077 ea
841 4029 927 4096 quae
946 4011 1012 4078 alio
1040 4013 1219 4100 scripturae
1240 4030 1360 4097 genere
1379 4025 1428 4074 no
1529 4059 1530 4066 1

324 4114 412 4199 tavi,
436 4127 464 4180 et
485 4113 644 4196 leont‘bue,
665 4111 779 4179 dalida
800 4126 904 4180 auam
931 4115 967 4180 ln
992 4117 1155 4182 anomia.
1177 4135 1275 4201 porro
1296 4129 1428 4199 quonam

324 4218 358 4282 in
380 4217 453 4282 loeo
475 4215 557 4282 haee
578 4215 722 4282 earmina
751 4214 903 4282 damnum
930 4214 1066 4284 leeerint
1091 4218 1235 4285 ostendit
1260 4217 1317 4284 ille
1338 4213 1425 4281 onim

254 4381 259 4390 .
324 4319 473 4405 syllabae
495 4315 640 4384 deleetm
661 4323 736 4404 poat
751 4341 850 4406 pares
871 4319 987 4385 mbae.
1002 4337 1111 4405 neque
1131 4339 1209 4388 rere
1232 4319 1324 4386 deant
1344 4309 1426 4382 alind

323 4419 575 4507 perturbationis
597 4419 775 4486 indicium:
797 4439 871 4486 nam
902 4427 977 4507 poat
1003 4439 1061 4488 nex
1087 4441 1202 4490 versun
1228 4422 1300 4488 loeo
1326 4419 1425 4484 alieno

324 4523 475 4606 leguntur
496 4520 597 4604 haee,
