2996 5148
304 380 346 446 22
850 375 865 440 1

303 550 387 634 405,
410 549 532 614 lomello
547 546 677 633 proprie
692 566 756 611 non
772 544 861 612 teredo·
868 595 876 628 ,
893 563 965 611 oum
979 550 1087 611 temen
1104 565 1142 610 ea
1157 545 1255 628 vulgo
1270 546 1397 612 55515511

304 657 403 736 atque
417 649 720 732 incandidantur,
736 667 841 732 neque
856 649 888 714 in
903 670 957 732 rv,
973 649 1037 714 300
1052 648 1219 714 Lucretius
1234 647 1393 732 addiderit,
1488 705 1489 714 ,

304 753 391 841 quod
408 753 463 818 ille
478 772 610 820 necesse
626 770 697 818 esse
714 757 825 836 putat,
842 775 1035 838 mucusque,
1052 751 1109 816 sed
1127 751 1245 817 dixerit
1260 751 1395 835 simplici·

303 866 351 924 ter
374 855 480 922 oeulos
501 868 610 921 coetera
632 854 776 919 tendere.
793 853 901 936 itaque
917 875 1087 917 resones
1109 862 1143 919 ut
1159 860 1274 920 ateste
1293 855 1396 920 nostris

304 959 485 1043 antiquiore
508 956 628 1022 editum
651 955 899 1040 praeferendum
921 955 1024 1022 duco.

389 1061 440 1126 68.
465 1059 575 1138 Quam
590 1079 683 1129 neo.
700 1079 801 1121 saun
818 1079 919 1122 onnu
934 1079 1006 1122 nso
1022 1079 1209 1122 1111111511.
1226 1059 1398 1126 Rectissime

305 1163 469 1230 Bentleius
487 1182 584 1224 5151
606 1160 720 1242 decern,⁸
742 1159 829 1243 quod
845 1159 1064 1226 Wakefieldus
1081 1160 1180 1226 allato
1197 1161 1295 1226 simili
1316 1181 1399 1228 versu
1489 1159 1490 1164 ’

303 1266 378 1333 libri
402 1286 422 1331 v
438 1265 479 1331 75
494 1263 665 1349 probavit,
688 1261 768 1328 'sine
790 1263 858 1328 nlla
880 1263 1000 1328 idonea
1015 1265 1122 1330 oausa’
1147 1269 1182 1328 ut
1197 1263 1399 1330 1115151151-

303 1369 436 1453 bigero.
453 1365 681 1452 scilieetfamo
697 1384 760 1428 non
775 1364 879 1430 omnis
895 1367 1078 1432 necessario
1094 1391 1211 1454 mopere
1226 1373 1292 1452 est,
1310 1386 1401 1451 neque

304 1481 369 1538 tarn
384 1475 523 1553 anguste
538 1468 704 1533 Lueretius
720 1467 880 1553 loquitur,
897 1477 931 1534 ut
946 1469 1128 1554 epitheton,
1152 1470 1208 1536 ubi
1223 1489 1275 1536 ree
1291 1471 1400 1554 erigit,

303 1571 558 1660 praetermittat.

390 1675 442 1742 70.
464 1674 1400 1750 15511111515111515155,55515551555111111

305 1780 492 1846 Naronae
516 1797 653 1838 carnos
676 1797 882 1840 recreans
906 1799 1097 1842 cnsusrnn
1125 1779 1402 1842 curennr.Non

303 1881 390 1948 male
425 1884 585 1945 corrector
617 1876 750 1960 oblongi
768 1878 951 1966 sranpere:
979 1879 1037 1945 sed
1065 1901 1136 1946 eum
1162 1880 1248 1962 apud
1274 1879 1402 1946 Nonium

303 2005 334 2070 p.
350 1984 433 2068 506,
456 1981 498 2047 33
521 1979 563 2044 sit
574 1979 743 2066 perfre'epe
765 1995 799 2044 51
821 2005 861 2044 or
873 2030 882 2064 ‚
906 1983 1109 2048 verissimum
1130 2001 1202 2047 esse
1217 1981 1402 2048 censendum

304 2093 353 2153 est
375 2083 460 2169 quod
476 2083 573 2148 babet
588 2081 771 2148 Priscianus
786 2103 818 2167 p.
836 2083 898 2149 819
922 2105 1161 2147 errnrnonen
1184 2098 1218 2148 51
1240 2097 1328 2150 erto.
1343 2089 1404 2148 tun

305 2187 393 2272 apud
409 2186 610 2252 Priscianum
633 2198 791 2250 15551551
807 2186 949 2251 claustra
970 2207 1029 2271 per
1044 2207 1205 2271 errorem,
1228 2185 1286 2252 sed
1308 2205 1405 2248 curr-

305 2311 373 2354 ner
401 2293 507 2354 recte.
523 2287 584 2352 hoo
612 2287 715 2371 ipsum
739 2293 899 2354 corrector
925 2289 1058 2372 oblongi
1080 2289 1207 2374 posuit,
1231 2290 1284 2373 qui
1306 2295 1405 2354 tamen

304 2391 424 2459 adiecit
446 2391 524 2456 haee
546 2408 629 2455 sane
652 2389 834 2475 mirabilia,
858 2391 901 2456 ol.
924 2391 1062 2457 videret.

391 2494 441 2560 74.
465 2495 598 2564 Arous
612 2486 966 2558 ousnu'runrnnsum.
982 2491 1404 2578 correctoroblongionne

302 2599 337 2663 in
352 2595 508 2683 proximis
525 2595 649 2660 Nonius
665 2615 695 2680 p.
712 2595 796 2678 381,
820 2597 861 2662 25
884 2595 972 2662 Unde
987 2597 1085 2680 refert
1100 2619 1198 2660 55555
1221 2594 1321 2662 dictor
1333 2645 1341 2660 .
1355 2592 1405 2661 sed

304 2699 406 2766 multa
429 2717 512 2782 quae
537 2696 630 2763 huius
653 2698 782 2781 generis
805 2705 880 2764 sunt
902 2699 1105 2783 praeteribo.
1302 2695 1308 2708 '

390 2798 651 2878 1105151115
682 2821 740 2862 ern
767 2800 1139 2867 51115511.(151155151
1166 2800 1298 2884 oblongi
1321 2801 1406 2880 Qua-

304 2925 399 2971 nam.
416 2905 462 2970 ita
477 2903 631 2987 scriptum
647 2907 736 2968 extat
751 2903 837 2969 inira
852 2923 947 2971 versu
962 2903 1046 2987 595,
1070 2903 1146 2970 item
1162 2903 1196 2968 in
1213 2925 1252 2986 v,
1278 2905 1320 2970 90
1334 2903 1406 2969 etin

304 3029 357 3092 vr,
381 3007 442 3075 65.

390 3112 442 3177 82.
464 3111 515 3179 83.
539 3111 865 3176 1551155551-
889 3131 1155 3176 111151551111
1177 3149 1265 3156 ——
1288 3127 1406 3180 eroon

304 3235 411 3278 ruere
435 3235 581 3278 sacre.
599 3215 719 3278 Horum
735 3217 845 3300 priora
864 3213 1031 3284 confirmat
1047 3212 1170 3278 Probus
1192 3235 1223 3298 p.
1243 3214 1344 3296 1438,
1365 3223 1405 3276 ot

304 3343 364 3404 que
379 3319 479 3404 ebrpia
495 3317 686 3393 Lactantius¹
698 3317 845 3383 institut.
862 3339 893 3402 1,
910 3318 948 3382 21
964 3369 971 3384 .
988 3315 1165 3400 quadratus
1180 3321 1212 3380 et
1223 3315 1359 3382 schedae
1373 3337 1406 3376 oc

303 3421 426 3506 impia,
450 3437 557 3485 errore
573 3419 730 3502 mirabili,
754 3421 813 3486 sed
829 3439 937 3486 errore
960 3427 1066 3486 tamen
1081 3441 1088 3482 ε
1104 3437 1179 3484 narn
1202 3417 1326 3484 ferendi
1347 3435 1407 3481 non

305 3527 380 3587 sunt
403 3520 457 3605 qui
481 3541 548 3586 rem
568 3520 744 3586 landudum
762 3521 967 3606 profligatam
990 3523 1132 3588 recinere
1154 3541 1217 3586 non
1242 3521 1405 3586 desinunt.

303 3648 341 3688 oe
357 3622 447 3688 brevi
462 3622 592 3708 syllaba
607 3631 754 3690 constare
771 3625 848 3690 dicit
865 3624 988 3690 Probus
1003 3644 1034 3708 p.
1054 3623 1155 3689 1425.
1172 3623 1205 3688 15
1221 3621 1290 3689 Silii
1309 3619 1406 3688 Italici

303 3723 387 3790 libro
403 3745 466 3808 xv,
494 3724 550 3790 141
575 3726 630 3789 vin
646 3726 801 3792 credibile
817 3735 866 3793 est
881 3727 1051 3793 Heinsium
1065 3731 1097 3790 et
1114 3724 1406 3792 Drakenborcbium

305 3847 323 3893 e
345 3827 530 3894 Coloniensi
559 3827 699 3894 edidisse
725 3855 762 3894 ae
787 3831 864 3894 iret:
894 3827 1033 3894 debebat
1053 3827 1139 3892 enim
1161 3827 1240 3892 addi
1262 3827 1406 3913 spiritus,

307 3930 386 3994 Tum
406 3953 478 3994 cero
498 3953 609 4016 capere
631 3955 723 3996 51155
745 3933 850 3997 iubeat
860 3980 870 4013 ,
890 3931 1083 4018 partibusque
1105 3929 1415 3998 55155518αό15ὼεὶ-

303 4033 495 4118 ocporc’cun:
518 4033 576 4097 1155
599 4034 677 4116 iret,
701 4059 765 4118 qua
787 4033 900 4098 decere
922 4032 1011 4098 dicos
1027 4033 1236 4119 Perepebuum
1258 4047 1286 4099 et
1303 4031 1405 4120 patrib

303 4147 491 4198 monstraret
512 4137 623 4201 semita
639 4137 748 4222 scyno.
765 4137 798 4200 in
814 4134 956 4201 eiusdem
973 4157 1061 4218 xvrr,
1085 4138 1147 4204 242
1164 4135 1238 4200 libri
1252 4134 1323 4220 (sed
1337 4151 1404 4198 auc

303 4235 416 4300 toritas
432 4233 635 4303 Coloniensis
659 4235 784 4320 delicit)
806 4263 844 4303 ae
867 4239 1041 4304 imbribus:
1064 4245 1150 4304 recte
1167 4237 1404 4306 1555155155ὸί-

303 4338 379 4420 bue,
403 4338 489 4421 quod
514 4339 681 4404 confirmat
705 4359 816 4405 versus
839 4339 960 4406 ibidem
984 4342 1043 4407 66.

389 4440 439 4508 84.
464 4462 621 4504 11111111
644 4461 813 4506 11551515
837 4481 922 4490 ---
946 4449 996 4512 85.
1014 4445 1403 4510 Ienrsnnssarnnea·

304 4564 399 4605 nunc
423 4563 613 4606 sanourss
642 4565 786 4608 ronne.
806 4547 989 4614 Priscianus
1012 4567 1043 4632 p.
1061 4547 1122 4614 728
1146 4549 1318 4628 Tarvrsr,
1342 4550 1402 4608 tum
