3052 5144
598 446 630 512 11

66 619 175 703 pabula
197 638 266 682 eum
288 618 439 710 praebet,
456 617 571 699 quibus
594 637 705 682 omnes
728 639 864 702 corpora
888 624 1024 703 pascunt

66 740 93 796 et
114 733 234 798 duleum
259 731 377 796 dueum
397 731 493 797 vitam
518 731 702 814 prolemque
725 743 928 818 propagaut;

68 866 121 928 qua
142 853 268 931 propter
289 847 400 912 merito
423 851 601 912 maternum
625 865 741 912 nomen
764 848 881 933 adepte
901 853 969 914 est.

69 959 141 1024 cedit
161 962 234 1027 item
258 969 363 1038 retro,
382 960 422 1024 de
443 967 526 1025 terra
549 959 633 1042 quod
656 960 716 1026 fuit
737 967 832 1046 ante,

23 1101 55 1140 nu·
70 1076 97 1138 in
116 1083 230 1154 terras,
248 1081 279 1139 et
301 1076 386 1156 qued
410 1055 571 1140 missumst
596 1095 635 1140 ex
658 1076 797 1143 aetheris
820 1077 904 1156 oris,

66 1190 93 1252 id
114 1210 229 1256 rursum
253 1191 334 1255 caeli
357 1190 504 1254 rellatum
527 1192 647 1274 templa
668 1198 851 1276 receptant.

67 1325 118 1368 nee
136 1306 179 1370 sie
201 1303 362 1369 interemit
384 1325 468 1368 mors
491 1325 564 1382 res,
580 1313 614 1368 ut
636 1306 781 1371 materiai

67 1438 188 1503 corpere
210 1418 380 1501 conficiat,
398 1418 455 1482 sed
478 1425 601 1484 coetum
626 1421 772 1505 dissupat
795 1421 887 1486 ullis:

67 1533 130 1598 inde
152 1534 221 1599 aliis
244 1533 333 1598 aliud
357 1534 577 1618 coniungitur,
595 1543 625 1598 ot
647 1535 682 1598 fit
704 1543 738 1600 ut
759 1556 869 1602 omnes

23 1669 53 1714 un
69 1669 111 1712 res
131 1648 171 1712 itu
193 1653 381 1713 convertant
403 1645 531 1720 formas
547 1655 729 1731 mutentque
752 1651 875 1716 colores

68 1769 94 1824 et
112 1763 234 1846 capiant
257 1782 372 1826 sensus
394 1766 425 1825 et
448 1767 564 1846 puncto
586 1769 729 1846 tempore
752 1764 907 1848 reddent,

68 1885 94 1938 nt
112 1896 222 1942 noscas
246 1875 366 1941 referre
389 1876 503 1942 eadem
527 1877 701 1961 primordia
724 1899 827 1944 rerum

69 2009 126 2054 rum
148 1991 263 2073 quibus
288 1998 319 2056 et
341 1992 428 2072 quali
452 1993 595 2076 positure
618 1993 841 2060 contineantur

68 2111 93 2166 et
111 2126 184 2187 quus
206 2107 292 2170 inter
314 2125 348 2170 se
371 2107 447 2170 dent
468 2113 572 2172 motus
594 2108 837 2192 accipiantque,

23 2239 58 2282 nu
71 2239 136 2284 neve
156 2225 249 2305 putes
273 2226 407 2284 aeterne
429 2239 529 2304 penes
551 2219 691 2286 residere
714 2229 843 2306 potesse

71 2353 185 2418 corpure
208 2335 335 2420 prima,
359 2335 444 2415 quod
467 2336 498 2398 in
522 2335 643 2400 eunetis
664 2335 787 2401 fluitare
809 2336 953 2402 videmus

71 2449 146 2513 rebus
167 2459 197 2514 et
218 2450 303 2514 inter
325 2449 400 2511 dum
424 2450 513 2513 nesci
535 2449 703 2532 subitoque
726 2451 849 2534 perire.

100 2561 185 2648 [Quin
209 2563 308 2628 etiam
331 2563 428 2629 refert
451 2564 570 2630 nostris
591 2565 625 2628 in
647 2565 792 2630 versibus
815 2565 902 2649 ipsis-

66 2695 123 2740 enm
145 2679 261 2761 quibus
284 2685 316 2742 et
339 2678 426 2762 quali
448 2679 511 2742 sint
533 2677 646 2744 ordine
669 2697 815 2761 quaeque
837 2680 964 2746 leuata.

23 2805 52 2850 ur
66 2789 87 2852 si
106 2813 164 2858 non
187 2795 300 2860 omnia
322 2799 415 2870 sunt,
433 2799 468 2858 et
489 2793 587 2858 multu
611 2795 753 2858 rrraxirnu
775 2815 851 2878 pars
875 2802 923 2859 est

66 2907 247 2974 consimilis:
266 2927 387 2973 verum·
398 2908 544 2992 positura
567 2909 774 2992 discrepitant
800 2929 871 2974 res.

65 3017 102 3082 sie
121 3020 196 3104 ipsis
218 3023 253 3087 in
277 3023 373 3088 rebus
394 3023 470 3088 item
492 3023 555 3087 iam
578 3025 723 3088 materiai

23 3145 49 3192 ru
66 3150 225 3202 ounenrsus
250 3143 354 3202 motus
376 3137 455 3202 ordo
478 3139 622 3222 positure
644 3137 764 3220 figurae

65 3266 124 3312 enm
144 3255 385 3334 permutantur,
401 3254 513 3316 mutari
536 3273 589 3318 res
613 3273 740 3336 qnoque
763 3252 899 3318 debent.

97 3363 182 3430 Nune
203 3363 348 3430 enimnm
372 3366 464 3432 nobis
485 3366 603 3433 adhibe
625 3387 735 3432 verum
759 3366 801 3432 ad
824 3367 999 3432 rationem.

66 3493 127 3538 nem
147 3479 203 3544 tibi
228 3487 392 3546 vementer
414 3499 498 3544 nova
522 3501 573 3544 res
596 3481 723 3546 molitur
745 3482 786 3546 ad
810 3482 898 3547 auris

23 3590 199 3668 usneoidere
222 3601 256 3658 et
277 3614 360 3659 nove
383 3613 418 3659 se
437 3583 565 3677 ⁸speeies
589 3595 757 3660 ostendere
780 3615 904 3662 rerum.

66 3701 115 3764 sed
134 3725 237 3790 neque
260 3715 326 3772 tarn
349 3708 453 3774 fusilis
476 3729 527 3775 res
550 3709 615 3773 ullu
638 3715 707 3793 est,
724 3712 801 3792 quin
825 3711 1022 3794 septimum

67 3811 193 3886 difficilis
216 3823 323 3906 magis
345 3822 386 3887 ud
410 3823 603 3890 eredendum
628 3831 769 3902 constet,
786 3824 925 3906 itemque

70 3971 109 3978 .-...

196 3981 255 3988 2..-

71 4057 112 4102 090
133 4061 250 4126 adempta
276 4059 289 4131 Η
316 4065 382 4114 1000
405 4063 496 4114 missus
519 4061 533 4133 Η
561 4065 627 4113 1002
652 4073 680 4113 ut
702 4081 741 4114 res
766 4063 779 4132 Η
807 4067 873 4114 1004
897 4065 1031 4128 coniungit
1054 4076 1079 4114 et
1101 4067 1180 4116 efficit
1280 4096 1285 4105 ·

71 4159 160 4198 omnes.
185 4145 198 4216 Η
226 4153 292 4198 1007
317 4165 404 4200 esrum
428 4149 441 4218 Η
469 4153 534 4200 1011
559 4151 663 4200 summis
690 4151 702 4218 Η
732 4155 966 4212 1015=r,820.
991 4147 1004 4218 Η
1035 4155 1100 4200 1016
1121 4153 1178 4214 Sig-

70 4231 162 4284 nificant
183 4238 272 4286 eudem
298 4239 381 4300 fruges
403 4223 506 4288 erhuste
523 4238 677 4288 animantis.
705 4234 718 4304 Η
747 4241 811 4286 1017
832 4237 882 4287 sint
907 4235 919 4304 Η
944 4253 989 4302 pur
1015 4237 1026 4303 Η
1053 4239 1119 4288 1020
1140 4237 1181 4286 ln·

23 4373 24 4376 ¹
71 4321 162 4370 terrulis
179 4323 234 4373 vies
253 4339 364 4374 conexus
382 4327 495 4388 pondere
519 4326 638 4388 pingues.
663 4321 676 4392 Η
704 4326 770 4374 1013
789 4324 954 4374 adhibueram
981 4322 994 4392 Η
1022 4327 1089 4374 1004
1108 4323 1180 4374 vehe-

72 4416 155 4456 mentes
173 4413 186 4477 Η
209 4413 276 4462 1025
295 4412 424 4462 Accedere
