2996 5148
536 441 582 506 Vl

16 614 139 684 suasibus
159 612 294 698 alipedes
316 619 353 677 ut
373 613 457 678 eervi
481 587 581 697 saepe¹
601 616 754 695 putentur

37 731 125 791 [locere
145 727 180 792 de
201 727 333 793 latebris
358 728 518 811 serpentia
540 727 650 792 saecla
672 726 830 791 feretum.

37 843 98 922 quud
117 842 215 926 presul
239 862 259 906 e
281 861 361 907 vers
384 861 479 924 quem
501 842 543 906 sit
565 843 691 907 ratione
714 841 875 924 repulsum

37 957 150 1040 percipe:
166 977 236 1022 nam
259 956 299 1022 de
323 977 358 1020 re
380 977 465 1023 nune
486 959 558 1042 ipss
581 958 687 1022 disere
710 976 826 1022 eonor.

63 1072 195 1156 Principio
218 1074 277 1137 boe
299 1072 372 1138 dieo
387 1125 395 1148 ‚
412 1074 497 1154 quod
521 1073 586 1136 dixi
609 1090 708 1156 saepe
731 1090 858 1154 quoque
882 1076 976 1153 ante,

16 1187 55 1247 tiu
73 1193 140 1251 tous
160 1189 314 1271 cuiusque
337 1189 420 1252 modi
445 1209 549 1253 rerum
574 1205 647 1252 esse
669 1185 808 1269 figuras3

38 1302 123 1385 multa,
138 1303 204 1368 eibo
226 1325 314 1386 quse
337 1309 429 1386 suut,
445 1303 575 1386 vitalia,
594 1301 775 1382 multaque,
793 1299 922 1364 morbos

36 1417 141 1482 iusutere
161 1424 190 1484 et
212 1427 345 1484 mortem
370 1438 454 1502 quse
477 1418 600 1501 possint
622 1417 825 1482 adcelerare.

36 1542 55 1591 u
72 1533 154 1615 mgb
177 1554 248 1599 esse
271 1533 347 1599 aliis
368 1533 451 1598 alias
474 1533 691 1598 animantibus
713 1537 806 1615 aptas

37 1667 68 1708 os
84 1649 117 1711 od
137 1649 208 1714 vitai
230 1650 390 1714 rationem
415 1647 610 1713 ostendimus
633 1653 706 1711 oute

16 1769 129 1844 tpiopter
149 1763 338 1830 dissimilem
360 1771 503 1828 usturam
528 1761 756 1843 dissimilisque

36 1885 137 1942 tuturos
159 1881 239 1944 inter
261 1899 337 1944 sese
360 1878 543 1962 primasque
566 1877 704 1960 iigums.

39 1993 102 2056 uuita
120 2002 222 2060 meant
244 1994 375 2060 inimica
396 2014 454 2078 per
475 1993 582 2068 auris,
600 1993 698 2056 mults
720 2011 776 2076 pei·
798 1991 886 2075 ipsas

39 2105 156 2172 insinuaut
177 2111 266 2174 naris
289 2108 410 2176 infesta
433 2115 530 2190 atque
553 2127 670 2192 aspera
692 2106 831 2182 adactu,

44 2239 72 2282 ue
86 2233 146 2288 suot
168 2226 267 2290 multa
291 2245 404 2309 perum
427 2231 513 2289 tastu
536 2222 666 2288 vitands
691 2241 794 2303 neque
816 2229 923 2288 sutem

16 2345 30 2380 u
48 2347 126 2416 npetu
147 2338 301 2424 bigienda
325 2359 504 2423 saporeque
528 2338 628 2404 tristia
650 2355 733 2418 quae
757 2337 841 2400 sint.

64 2451 158 2519 beiude
178 2454 292 2520 videre
315 2454 389 2518 iicet
410 2475 505 2535 quam
528 2453 646 2517 multae
670 2452 733 2516 siut
755 2450 875 2516 homiui
899 2471 951 2516 res

39 2565 112 2630 soter
129 2569 246 2636 infesto
270 2589 368 2636 sensu
390 2587 591 2653 spurcaeque
613 2586 813 2652 gravesque;

38 2678 159 2748 arboribus
180 2685 320 2768 primum
344 2682 439 2748 sertis
461 2684 570 2767 gravis
593 2683 707 2746 umbus
729 2682 847 2746 tributa

37 2797 356 2884 11‹=pueode0,eapitis
379 2797 500 2862 faciant
522 2803 555 2860 ut
576 2815 676 2880 saepe
699 2796 847 2868 dolores.

16 2905 102 2986 usiosis
121 2933 173 2978 eas
194 2919 309 2998 supter
331 2912 428 2978 iacuit
448 2919 627 2996 prostratus
649 2911 681 2974 in
704 2910 831 2976 herbis.

35 3027 63 3080 st
79 3027 157 3091 etiam
180 3028 309 3110 magnis
332 3028 497 3093 Heliconis
520 3027 681 3090 montibus
703 3026 799 3090 arbos

35 3136 91 3201 tuis
110 3123 201 3208 odore
224 3143 385 3208 homiuem
409 3149 511 3206 taetro
535 3146 690 3206 eonsueta
713 3160 867 3204 necare.-

35 3249 135 3331 soilioet‚
151 3257 229 3324 hese
252 3257 326 3322 ideo
349 3257 443 3322 tersis
465 3277 505 3320 ex
527 3254 633 3319 oiuuiu
656 3261 791 3336 surgunt

34 3364 101 3430 uuita
120 3373 218 3436 modis
240 3355 349 3436 multis
371 3371 540 3434 muitarum
563 3369 685 3434 semine
707 3389 832 3444 rerum,

16 3478 91 3551 *tiled
110 3487 261 3565 permixta
281 3484 365 3569 gerit
385 3486 480 3550 tellus
502 3483 704 3565 discreteque
728 3483 843 3548 tradit.

34 3600 246 3684 uotormmquo
270 3619 380 3665 reeens
403 3599 575 3664 extinctum
598 3599 704 3662 iumen
728 3597 783 3662 ubi
805 3596 870 3662 aori

35 3701 111 3772 uidom
131 3713 262 3779 offendit
283 3733 397 3798 neres,
415 3713 562 3796 consopit
583 3711 721 3778 ibidem.

16 3830 208 3910 *imbresque
230 3829 322 3914 gravi
344 3828 459 3894 mulier
480 3827 585 3912 sopita
608 3827 782 3910 recumbit,

34 3941 52 3992 st
66 3940 196 4006 omuibus
217 3941 351 4008 nitidum
374 3942 492 4008 teneris
515 3963 596 4026 opus
619 3942 718 4007 effluit
741 3941 790 4019 ei,

35 4053 141 4133 ttmpore
162 4075 199 4121 eo
222 4057 250 4122 si
272 4058 436 4123 odoratast
458 4077 520 4138 quo
544 4063 703 4122 menstrua
725 4055 839 4120 solvit.

39 4215 196 4235 -.„½

36 4319 67 4366 it:
84 4339 133 4376 vero
156 4328 168 4396 «Ι
193 4333 241 4379 ΠΟ
260 4329 380 4394 sidusque
405 4327 418 4397 ΙΙ
445 4334 492 4380 iil
513 4344 577 4392 eque
603 4327 616 4396 Η
643 4331 690 4378 777
711 4343 786 4378 811ῐῦ
810 4325 822 4394 ii
849 4328 899 4377 7⁷8
918 4333 1004 4376 ΜΠ·
1029 4321 1042 4391 ii
1069 4329 1117 4374 7⁸⁰

36 4406 114 4460 osutio
133 4411 144 4482 i,
167 4419 212 4466 tsi
233 4427 334 4466 uetere.
356 4416 369 4484 Η
391 4421 440 4466 iss
458 4418 534 4466 iudeo
553 4417 598 4466 tuis
618 4415 631 4484 Η
654 4419 699 4464 791
722 4416 804 4466 ueris·
