2996 5148
362 461 425 524 228
908 453 949 516 vl

288 649 338 695 ors
364 627 417 708 qui
441 647 505 690 non
528 631 603 689 ante
625 623 764 705 aliquem
788 623 941 688 maiorem
965 623 1064 698 vidit,
1081 629 1113 688 et
1134 622 1248 705 ingens

364 741 460 806 arbor
483 740 641 821 homoque
664 737 809 814 videtur,
826 743 858 803 et
880 737 989 802 omnia
1011 737 1052 803 de
1074 755 1194 822 genere
1217 739 1304 802 omni

364 855 506 920 maxima
529 873 610 934 quae
631 852 711 917 vidit
734 853 889 936 quisque,
907 853 988 918 bueo
1009 853 1153 934 ingentia
1175 852 1287 936 lingit,

364 989 435 1034 cum
458 974 565 1032 tamen
589 967 697 1032 omnia
719 987 791 1032 cunr
814 968 906 1034 caelo
928 975 1078 1050 terraque
1100 968 1246 1050 marique

364 1084 408 1147 nil
432 1083 495 1148 sint
517 1083 558 1148 ad
581 1103 736 1148 summam
759 1084 893 1148 summai
917 1083 1014 1150 totius
1037 1102 1182 1148 omnem.

290 1221 341 1268 oso
407 1198 500 1263 Nunc
522 1205 627 1262 tamen
651 1197 709 1262 illa
730 1197 836 1264 modis
859 1199 975 1280 quibus
997 1198 1126 1263 inritata
1148 1207 1281 1284 repente

364 1313 493 1378 flamma
515 1313 604 1378 foras
626 1313 726 1378 vastis
749 1314 873 1378 Aetnae
896 1311 1082 1380 fornacibus
1105 1313 1210 1398 efflet,

366 1427 557 1512 expediam.
574 1427 708 1512 primunr
731 1427 827 1492 totius
850 1427 994 1494 subcava
1017 1429 1132 1494 montis

366 1548 415 1606 est
438 1549 571 1625 namra,
588 1540 658 1607 fere
680 1541 805 1606 silicum
828 1541 959 1606 suffulta
981 1544 1129 1610 cavernis
1142 1539 1162 1607 .'

366 1656 513 1723 omnibus
536 1663 583 1722 est
605 1677 701 1741 porro
724 1657 756 1721 in
779 1657 942 1741 speluncis
963 1665 1076 1723 ventus
1098 1665 1130 1722 et
1152 1665 1227 1724 abr.

292 1795 341 1842 osu
366 1779 479 1838 ventus
503 1773 586 1836 enim
610 1771 664 1856 flt,
680 1772 734 1836 ubi
757 1781 806 1838 est
827 1771 980 1854 agitando
1005 1773 1143 1856 percitus
1165 1781 1242 1840 ab'r:

368 1889 419 1953 hic
441 1888 495 1952 ubi
517 1887 673 1972 percaluit
695 1887 765 1953 cale
787 1887 927 1970 lecitque
949 1889 1059 1954 omnia
1081 1889 1196 1955 circum

366 2023 448 2068 saxa
471 2001 600 2078 furens,
617 2023 682 2084 qna
705 2001 879 2086 contingit,
895 2011 1096 2086 terramque,
1114 2013 1144 2070 et
1166 2006 1209 2072 ab
1233 2005 1310 2072 ollis

367 2117 507 2184 excussit
529 2117 667 2182 calidum
690 2115 825 2182 flammis
847 2116 1012 2184 velocibus
1033 2118 1162 2199 ignem,

367 2233 450 2298 tollit
471 2253 506 2298 se
529 2251 569 2296 ac
592 2231 686 2296 rectis
708 2230 755 2295 ita
776 2229 923 2296 faucibus
945 2231 1019 2296 eicit
1040 2233 1124 2300 alte.

292 2371 343 2417 sao
368 2347 428 2414 lert
449 2349 559 2430 itaque
582 2347 730 2412 ardorem
753 2345 868 2430 longe,
886 2346 1046 2430 longeque
1070 2347 1214 2416 favillam

367 2463 493 2540 differt,
510 2469 541 2526 et
563 2481 675 2528 crassa
696 2461 796 2526 volvit
818 2460 958 2544 caligine
980 2463 1120 2547 fumum,

368 2577 570 2660 extruditque
593 2577 686 2644 simul
710 2575 856 2643 mirando
878 2577 1022 2662 pondere
1044 2599 1146 2664 saxa;

368 2713 407 2756 ne
430 2692 556 2757 dubites
580 2693 657 2774 quin
679 2692 758 2757 haee
780 2691 899 2756 animai
922 2691 1050 2756 turbida
1071 2693 1112 2758 sit
1134 2695 1202 2762 vis.

366 2815 535 2894 praetereo
557 2827 674 2891 magna
697 2827 736 2870 ex
759 2808 842 2892 parti
864 2827 952 2872 mare
975 2807 1090 2874 montis
1112 2811 1153 2874 ad
1177 2809 1246 2877 eius

293 2947 342 2994 cao
368 2923 495 2990 radices
517 2923 636 3006 frangit
657 2921 771 2988 fluctus
794 2929 982 3006 aestumque
1004 2925 1168 2990 resorbet.

368 3059 407 3104 ex
430 3040 490 3104 boc
512 3057 614 3122 usque
636 3037 715 3102 meri
739 3038 912 3122 speluncae
934 3039 1052 3105 montis
1075 3041 1117 3105 ad
1140 3043 1224 3108 altas

367 3155 555 3240 perveniunt
576 3154 685 3220 subter
706 3153 837 3218 fauces.
854 3151 915 3218 bac
937 3151 983 3218 ire
1006 3151 1201 3220 fatendumst

368 3275 400 3335 et
422 3275 590 3354 penetrare
614 3268 710 3334 maris
732 3268 861 3352 penitus
882 3275 1033 3353 percocta
1055 3269 1086 3333 in
1110 3277 1255 3356 apertum

368 3391 466 3466 atque
489 3383 600 3450 efflare
623 3383 730 3462 foras,
746 3383 883 3466 ideoque
906 3383 1059 3450 extollere
1080 3385 1244 3452 flammam

294 3519 343 3566 roo
368 3517 511 3580 saxaque
534 3499 713 3564 subiectare
736 3505 768 3563 et
789 3517 907 3563 arenae
928 3499 1042 3564 tollere
1064 3501 1208 3567 nimbos.

368 3613 400 3676 in
425 3633 547 3678 summo
570 3621 643 3678 sunt
664 3613 784 3679 vertice
807 3613 892 3678 enirn
914 3620 1074 3700 crateres,
1090 3623 1125 3680 ut
1145 3617 1207 3701 ipsi

367 3727 578 3808 nominitant;
594 3749 654 3794 nos
677 3728 764 3810 quod
786 3727 899 3794 fauces
921 3727 1126 3813 perhibemus
1149 3739 1181 3796 et
1203 3752 1282 3798 ora.

407 3841 487 3906 Sunt
509 3843 632 3926 aliquot
653 3862 779 3926 quoque
802 3863 854 3907 res
877 3863 1010 3926 quarum
1033 3863 1131 3910 unam
1155 3847 1261 3913 dicere
1284 3869 1412 3915 causam

371 3975 434 4021 non
457 3956 537 4023 eatis
559 3965 628 4034 est,
644 3977 752 4022 verum
776 3957 896 4042 pluris,
914 3957 998 4024 unde
1019 3979 1084 4024 una
1105 3969 1212 4026 tamen
1235 3963 1297 4046 sit3

296 4089 345 4138 roe
371 4089 485 4154 corpus
508 4077 542 4135 ut
564 4071 745 4138 exanimum
769 4071 886 4156 siquod
907 4074 1021 4159 procul
1042 4074 1112 4159 ipse
1133 4073 1239 4142 iacere

372 4347 422 4394 676
441 4346 541 4395 omnis.
562 4345 575 4414 ll
596 4349 646 4397 689
665 4345 776 4396 uillicum
800 4345 813 4416 ll
838 4351 887 4398 687
907 4349 1016 4413 contigit
1036 4349 1049 4417 ΙΙ
1070 4352 1120 4400 690
1139 4351 1209 4415 itque
1229 4349 1243 4417 ΙΙ
1263 4355 1315 4403 695
1334 4348 1473 4408 recolorat

372 4433 422 4482 698
440 4433 504 4482 mari
522 4433 622 4498 penitus
641 4449 679 4484 res
697 4435 768 4500 cogit
786 4445 891 4500 aperto.
913 4435 925 4504 Η
948 4441 995 4488 701
1016 4437 1136 4490 verticeni
1158 4439 1171 4507 Η
1193 4441 1243 4491 706
1263 4439 1374 4490 iaceret.
