3020 5146
309 425 368 490 142
838 419 894 482 llll

230 613 279 660 aar
305 612 457 678 proceros
479 610 617 675 passus,
633 590 706 655 ideo
730 591 856 676 fastigia
879 611 976 675 posse

305 727 450 772 summm
473 725 512 770 ac
532 704 685 770 seminum
707 705 842 790 pedibus
864 705 997 772 lundata
1019 707 1151 791 plicari,

304 822 455 887 bracchia
477 827 542 884 turn
564 839 660 904 porro
683 820 800 886 validis
823 841 863 887 ex
886 829 964 906 apta
987 823 1116 888 lacertis

229 961 279 1008 sao
305 957 376 1004 esse
400 955 577 1016 manansque
601 935 695 1000 dotas
716 943 851 1020 utraque
874 959 914 1004 er
938 946 1030 1023 parte
1052 937 1232 1020 ministras,

306 1061 340 1118 ut
362 1052 468 1116 facere
491 1051 652 1116 advitam
675 1072 843 1136 possemus
866 1073 951 1136 quae
974 1055 1055 1119 soret
1076 1073 1173 1118 usus.

305 1176 413 1234 cetera
434 1166 477 1231 de
499 1185 618 1250 genere
640 1167 700 1232 hoc
722 1169 806 1232 inter
829 1187 910 1250 quac
934 1188 1067 1251 cumque
1088 1173 1280 1253 pretautur,

306 1283 413 1347 omnia
435 1302 588 1366 perversa
610 1289 819 1364 praepostera
841 1288 914 1348 sunt
935 1283 1080 1358 ratione,

306 1397 350 1461 nil
372 1395 446 1461 ideo
470 1396 621 1478 quoniam
644 1402 784 1460 natumst
806 1397 837 1460 in
861 1417 995 1481 corpore
1017 1403 1051 1462 ut
1072 1397 1116 1462 uti

231 1533 280 1579 aaa
306 1531 493 1596 possemus,
510 1511 566 1574 sed
590 1509 677 1590 quod
699 1517 839 1576 natumst
860 1511 892 1575 id
916 1517 1064 1594 procreat
1084 1531 1198 1575 usum.

305 1645 364 1690 uec
386 1625 444 1688 luit
467 1631 541 1689 aute
563 1621 673 1689 videre
696 1627 856 1689 oculorum
881 1625 1001 1690 lumina
1023 1631 1153 1700 natum,

306 1760 365 1804 nec
387 1739 480 1803 dictis
503 1758 597 1802 orare
620 1739 708 1822 prius
731 1761 827 1821 quam
851 1740 960 1821 lingua
983 1746 1137 1822 creatast,

305 1853 362 1918 sed
387 1854 493 1937 potius
515 1854 611 1938 longe
634 1855 763 1935 linguae
785 1855 961 1938 praecessit
983 1853 1072 1934 on'go

306 1989 505 2046 sermonem,
522 1957 685 2052 multoque
709 1976 836 2034 creatae
859 1974 933 2034 sunt
954 1969 1040 2052 pn'ua
1063 1988 1156 2033 aures

232 2104 283 2150 sno
309 2103 403 2166 quam
428 2103 527 2148 sonus
550 2090 599 2148 est
621 2083 768 2167 auditus,
786 2091 819 2148 et
841 2084 950 2148 omnia
971 2083 1110 2165 denique
1133 2085 1286 2150 membra

307 2205 383 2262 ante
405 2197 515 2274 fuere,
531 2205 565 2262 ut
587 2199 720 2282 opinor,
737 2219 847 2262 eorum
870 2218 965 2280 quam
988 2199 1070 2262 toret
1092 2218 1190 2263 usus:

306 2313 392 2378 haud
415 2313 510 2394 igitur
534 2320 664 2397 potuere
687 2313 796 2378 utendi
819 2331 962 2378 crescere
984 2332 1101 2378 causa.

305 2435 338 2492 at
361 2433 471 2492 contra
493 2427 639 2494 conferre
663 2449 759 2493 manu
782 2427 955 2493 certamina
977 2445 1105 2511 pugnae

307 2549 339 2607 et
360 2543 504 2607 lacerare
527 2549 616 2609 artus
639 2543 833 2625 foedareque
857 2543 999 2608 membra
1022 2561 1133 2606 cruore

232 2677 282 2722 aro
306 2663 379 2722 ante
402 2657 459 2720 fuit
481 2658 578 2722 multo
603 2677 700 2738 quam
723 2657 829 2722 lucida
851 2657 917 2720 tela
938 2655 1104 2728 volarent,

307 2777 339 2836 et
360 2771 474 2836 volnus
496 2772 596 2836 vitare
619 2773 706 2856 prius
729 2777 844 2836 natura
866 2771 970 2854 coegit

307 2905 401 2967 quam
426 2886 519 2952 daret
542 2886 701 2953 obiectum
723 2885 845 2970 parmai
869 2885 963 2949 laeva
985 2903 1043 2967 per
1065 2887 1188 2946 artem.

307 3000 447 3076 scilieet,
464 3007 495 3066 et
517 3001 637 3066 fessum
661 3019 776 3085 corpus
800 2999 954 3064 mandare
977 2995 1078 3079 quieti

306 3114 403 3180 multo
426 3116 586 3197 antiquius
611 3123 661 3180 est
683 3135 777 3197 quam
801 3115 873 3178 lecti
895 3111 1007 3178 mollia
1029 3117 1149 3190 strata,

231 3248 282 3294 auo
308 3234 339 3292 et
360 3227 473 3293 sedare
496 3228 579 3292 sitim
602 3229 691 3313 prius
713 3235 761 3292 est
784 3248 880 3310 quarn
902 3227 1019 3312 pocula
1043 3231 1174 3290 natum.

307 3341 389 3406 hacc
410 3342 508 3424 igitur
529 3350 666 3426 possunt
687 3342 796 3407 utendi
820 3343 948 3426 cognita
971 3361 1070 3406 causa

308 3455 452 3539 credier,
470 3476 509 3520 ex
532 3475 591 3521 usu
615 3475 697 3538 quae
720 3462 794 3522 sunt
816 3459 944 3539 vitaque
966 3459 1115 3540 reporta.

307 3569 363 3634 illa
385 3569 515 3652 quidem
536 3590 678 3636 seorsum
701 3577 774 3636 sunt
795 3571 922 3652 omnia,
939 3587 1022 3650 quae
1044 3566 1133 3651 prius
1155 3566 1231 3650 ipsa

307 3691 383 3774 nuta
407 3683 525 3748 dedere
549 3703 628 3750 suae
651 3691 724 3768 post
745 3685 889 3750 notitiam
913 3682 1077 3748 utilitatis.

232 3819 282 3865 suo
308 3819 370 3880 quo
394 3817 514 3880 genere
536 3798 568 3862 in
591 3799 703 3882 primis
725 3818 839 3864 seusus
862 3804 894 3864 et
915 3797 1059 3862 membra
1081 3795 1251 3874 videmus;

309 3931 408 3994 quare
431 3913 527 3976 etiam
550 3917 649 3994 atquo
671 3913 767 3978 etiam
791 3911 901 3996 procul
925 3917 974 3976 est
994 3918 1029 3976 ut
1052 3908 1182 3976 credere
1206 3912 1323 3994 possis

311 4026 457 4092 utilitatis
480 4028 521 4091 cb
546 4026 685 4112 officium
706 4026 849 4109 potuisse
873 4024 1017 4112 creari]

313 4301 363 4348 829
382 4299 495 4348 Bacchis
517 4295 530 4364 ΙΙ
549 4301 600 4348 830
619 4313 652 4348 ex
669 4300 810 4348 omissum.
832 4296 846 4366 Η
865 4301 916 4348 836
935 4309 1012 4348 nuta.
1034 4295 1046 4363 Η
1068 4297 1118 4346 843
1137 4311 1257 4348 eouserre
1277 4297 1293 4366 Η
1317 4305 1374 4352 84ῖ
1395 4319 1446 4366 μι-

313 4397 365 4435 mat
385 4385 398 4452 ΙΙ
420 4387 470 4434 856
490 4385 565 4448 pocul
1079 4411 1082 4416 ·
