3036 5150
313 394 355 460 38
882 393 896 456 l

313 566 355 631 de
369 565 463 632 divis.
480 583 541 630 rer.
559 587 589 648 1,
606 566 646 646 8,
662 563 717 629 ubi
734 583 790 628 eae
805 582 857 628 res
873 583 958 647 quae
973 563 1123 649 publicae
1137 571 1211 630 sunt
1224 571 1404 650 pertractat,

313 668 473 733 Naturali
481 669 551 732 iure
563 669 701 732 omnium
714 669 890 732 eommunia
901 681 974 732 serat
985 668 1058 750 aila,
1071 679 1141 749 abr,
1154 670 1406 754 aquaprostuene,

314 785 342 836 et
352 795 449 852 mare,
461 784 490 835 et
498 794 557 855 per
568 770 623 833 boo
636 770 730 834 litora
741 770 841 834 mario
854 817 861 834 .
873 793 961 834 uento
973 771 1072 853 igitur
1084 769 1130 833 ad
1139 770 1215 834 lt'tue
1226 773 1323 836 πιανῶ
1334 795 1407 836 noee-

315 873 389 938 dere
398 873 582 958 prohibetur
589 871 744 958 pr'aoaode'
752 895 850 936 causa
862 895 873 954 ,·
888 870 963 935 dum
974 883 1077 936 tornea
1087 871 1174 937 on'ttis
1186 887 1215 938 et
1229 873 1410 960 oedpieiieet

314 976 522 1040 monumentis
527 975 732 1056 abetabeotur,
744 975 822 1060 quio
834 997 896 1038 nou
907 986 980 1037 Merit
991 975 1074 1039 iuris
1083 976 1224 1058 peutaitm
1235 977 1314 1042 uiuet
1323 999 1408 1040 more.

314 1076 464 1140 Horatius
495 1083 602 1140 autem
625 1076 673 1140 sio
702 1077 820 1158 sentit,
850 1095 938 1140 mare
962 1075 1081 1141 debere
1103 1076 1149 1141 ita
1170 1081 1207 1142 ut
1228 1079 1270 1143 sit
1291 1097 1409 1142 manere

313 1197 418 1261 neque
429 1178 591 1263 privatum
603 1177 672 1244 lieri
685 1176 984 1244 aedificationibus.
1001 1179 1109 1260 itaque
1121 1178 1220 1263 haee,
1237 1181 1298 1245 nisi
1309 1180 1408 1260 fallor,

316 1281 486 1366 scripsisse
509 1279 689 1345 censendus
713 1287 781 1362 est,
807 1280 981 1345 daemones
1005 1281 1076 1345 lieet
1098 1304 1228 1368 occupes
1252 1285 1410 1348 Terrenum

314 1405 402 1448 omrze
424 1384 487 1446 tuis
509 1397 537 1448 et
558 1407 646 1448 more
665 1384 846 1470 pubiicum.
863 1395 1019 1447 terrenum
1041 1407 1130 1448 mnne
1144 1391 1180 1448 ut
1193 1385 1305 1450 Livius
1320 1405 1410 1466 xxm,

316 1485 356 1550 19
368 1483 529 1570 quidquid
536 1485 664 1550 herbidi
672 1486 792 1550 terreni
800 1497 892 1550 eretra
902 1508 1027 1548 murum
1040 1499 1127 1568 erat,
1141 1487 1233 1552 ethis
1244 1488 1409 1572 pariaalii.

314 1586 478 1652 simillima
500 1587 662 1652 sententia
684 1587 725 1652 de
748 1607 847 1653 aureo
868 1585 997 1651 saeculo
1014 1587 1225 1654 Germanicus
1251 1589 1311 1654 114
1328 1592 1410 1677 Ipm-

314 1692 399 1777 tique
409 1691 509 1754 morsis
519 1715 640 1774 eureus,
650 1693 842 1776 privatoque
853 1689 945 1754 tellus
958 1689 1063 1754 Grata
1074 1693 1165 1774 επεὶ·
1176 1693 1229 1756 ubi
1241 1693 1337 1778 paulo
1348 1701 1411 1778 post

314 1791 517 1858 scribendum
534 1797 583 1856 est
603 1816 659 1857 nec
671 1795 776 1880 parvi
795 1793 946 1857 terminares
968 1793 1046 1876 apri
1056 1793 1246 1859 Praestabat
1268 1796 1409 1876 dominu,
1492 1835 1493 1858 1

313 1897 382 1960 aine
397 1919 431 1960 eo
446 1893 538 1977 (libri
554 1895 665 1982 seprio)
681 1897 859 1978 tutissimo,
875 1919 975 1959 rura.
991 1893 1033 1958 de
1045 1893 1243 1962 Graeeorum
1258 1899 1409 1964 nominum

314 1997 494 2079 quantitate
509 1998 590 2062 utin
606 1999 791 2082 praesentia
805 1996 886 2062 nihil
909 1996 1035 2076 dicam,
1059 1997 1136 2062 nolo
1158 2005 1266 2065 tamen
1288 2001 1410 2066 retinere

313 2097 392 2163 mihi
409 2117 464 2165 eos
479 2118 581 2184 pravo
597 2099 716 2164 iudicio
732 2100 778 2164 uti
794 2098 897 2165 sideri
922 2099 978 2183 qui
993 2097 1147 2164 Ovidium
1170 2101 1350 2168 existiment
1369 2122 1411 2167 re

314 2201 477 2283 legatione
490 2201 625 2268 iraotum
641 2202 780 2268 seribere
796 2203 941 2286 potuisse
955 2203 1026 2266 aba
1041 2202 1175 2267 Maeotis
1190 2205 1288 2269 bione
1302 2207 1335 2268 in
1349 2204 1410 2270 tris·

313 2303 393 2368 tium
405 2325 461 2386 ur,
480 2305 538 2387 12,
555 2305 596 2388 23
612 2305 662 2369 oui
677 2309 793 2389 poetae
809 2323 900 2369 suurn
916 2303 1008 2369 reddi
1025 2309 1130 2388 potest
1145 2303 1205 2370 hoe
1216 2307 1333 2389 modo,
1348 2307 1411 2371 Fri-

311 2429 392 2492 poru
407 2407 472 2471 iam
488 2408 621 2494 zephyri
638 2408 803 2490 intitulant,
827 2431 971 2492 annoque
991 2421 1118 2492 peraeto
1133 2408 1275 2494 Lonps'or
1288 2409 1412 2497 intepuit

314 2507 408 2590 (libri
433 2510 595 2596 antiquis)
616 2511 686 2575 visa
710 2510 841 2574 Tomiteb
863 2509 980 2574 biems.

399 2609 473 2676 366.
496 2615 577 2676 Aur
594 2611 766 2679 Oonrns.
783 2611 939 2676 Marullus
955 2610 1008 2675 Ar
1024 2625 1154 2678 semro.
1171 2615 1218 2679 sie
1233 2614 1411 2699 saepissime

315 2713 368 2778 hio
379 2717 478 2798 polita
490 2763 497 2796 ,
514 2712 548 2777 in
563 2733 597 2775 vr
609 2763 616 2797 ,
636 2714 718 2780 1095
730 2715 773 2778 Et
782 2727 891 2778 eontra
903 2764 911 2796 ,
927 2714 960 2778 in
974 2714 1087 2779 eodem
1099 2715 1162 2782 929
1174 2716 1336 2804 dilataque
1349 2740 1410 2781 con·

315 2829 375 2899 tra,
390 2835 456 2881 non
477 2816 517 2882 Ut
528 2829 657 2894 eontra,
674 2817 762 2901 quod
778 2815 891 2880 ‘edidit
902 2835 942 2881 ex
954 2815 1087 2898 ingenie
1099 2819 1167 2882 suo’
1181 2818 1409 2885 Wakefieldus.

315 2937 390 2983 rnox
412 2938 508 2984 versu
529 2917 591 2983 367
616 2918 793 3002 quadratus
817 2925 849 2982 et
871 2916 1011 2984 schedae
1032 2922 1157 2986 oaeaim
1178 2924 1303 2988 minae.

400 3020 473 3085 372.
496 3041 724 3085 srnnsrrnns
746 3041 893 3084 niusa.
915 3019 1082 3086 Correetor
1109 3023 1241 3107 oblongi
1267 3031 1298 3090 et
1321 3023 1409 3090 aeteri

313 3130 443 3208 praeter
464 3130 590 3190 veteres
610 3124 814 3190 membranas
829 3143 964 3188 srunr.
980 3123 1137 3191 sedidem
1154 3133 1312 3192 eorreetor
1322 3127 1408 3192 etiam

313 3227 379 3292 alio
401 3227 498 3292 modo
520 3234 553 3292 et
573 3227 772 3312 ineptissime
795 3227 895 3291 alvei.

400 3330 473 3395 383.
496 3327 604 3395 Urnn
631 3351 784 3407 rnrnrurr
813 3349 983 3394 rnrrruu.
1010 3329 1177 3396 Oorreetor
1199 3331 1329 3415 oblongi
1349 3351 1408 3394 rnr-

314 3451 474 3581 ΤυΜ384.
497 3537 545 3580 na
569 3539 787 3582 concurso.
810 3518 884 3584 itali
907 3524 939 3584 et
960 3517 1114 3584 Marullus
1138 3519 1408 3584 coneursu.ila

313 3619 519 3685 membranae
541 3621 574 3684 in
597 3643 649 3705 vr,
677 3623 734 3688 161
762 3622 843 3686 172.

398 3721 471 3787 386.
488 3721 604 3786 Isrnn
616 3745 787 3788 consens
800 3743 899 3794 ouon
912 3744 1016 3788 rnna.
1030 3723 1103 3789 itali
1117 3731 1148 3790 et
1158 3724 1312 3790 Marullus
1322 3741 1405 3787 erar.

398 3822 472 3888 389.
494 3845 732 3891 rsurnrrrurr
755 3847 1113 3896 eurso.nnoassnsr
1136 3826 1310 3894 Occurrrr
1330 3843 1404 3888 rnna

312 3944 459 3989 noenu.
476 3926 630 3994 Marullus
650 3931 790 4016 primum
813 3950 1012 4000 sunnone.

398 4029 471 4094 395.
493 4050 636 4096 sorren
665 4053 968 4096 oosnnnsnnrnn
989 4053 1082 4098 lan.
1100 4033 1267 4102 Correotor
1287 4029 1403 4112 oblongi

311 4149 544 4196 nanssnrnn.
627 4201 629 4206 ³

395 4233 469 4299 404.
493 4256 606 4299 essse
627 4258 671 4300 ur
690 4258 935 4302 uonrrvresn
956 4259 1145 4302 rnnssarn
1167 4261 1324 4304 rsnsnr.
1339 4237 1402 4302 (ior-

311 4340 415 4401 reetor
438 4337 570 4422 oblongi
583 4341 759 4426 suarem:
771 4343 871 4428 ferni
890 4349 1050 4408 eorreetor
1068 4341 1236 4429 quadrati,
1260 4339 1401 4408 Antonius

310 4436 423 4524 Marii,
440 4440 515 4504 olim
529 4441 694 4526 impressi,
711 4443 888 4510 Marullus.
904 4445 1022 4511 rentius
1034 4452 1083 4512 est
1093 4467 1222 4528 rnnsr,
1239 4447 1314 4531 quia
1326 4465 1399 4509 mon·

310 4541 450 4628 tioopum
462 4543 617 4628 ferorum
636 4551 737 4630 peius
759 4547 875 4612 dieitur
896 4547 931 4612 iu
953 4569 995 4632 11,
1018 4547 1081 4614 597
1111 4549 1216 4617 1081.
