<?xml version="1.0" encoding="UTF-8"?>
<!DOCTYPE html PUBLIC "-//W3C//DTD XHTML 1.0 Transitional//EN"
    "http://www.w3.org/TR/xhtml1/DTD/xhtml1-transitional.dtd">
<html xmlns="http://www.w3.org/1999/xhtml" xml:lang="en" lang="en">
 <head>
  <title>
</title>
<meta http-equiv="Content-Type" content="text/html;charset=utf-8" />
  <meta name='ocr-system' content='tesseract 3.04.00' />
  <meta name='ocr-capabilities' content='ocr_page ocr_carea ocr_par ocr_line ocrx_word'/>
</head>
<body>
  <div class='ocr_page' id='page_1' title='image "./tlucreticarider24carugoog_0318.png"; bbox 0 0 3036 5150; ppageno 0'>
   <div class='ocr_carea' id='block_1_1' title="bbox 640 407 1224 473">
    <p class='ocr_par' dir='ltr' id='par_1_1' title="bbox 640 407 1224 473">
     <span class='ocr_line' id='line_1_1' title="bbox 640 407 1224 473; baseline 0.002 -1"><span class='ocrx_word' id='word_1_1' title='bbox 640 407 656 472; x_wconf 94' lang='lat' dir='ltr'>I</span> <span class='ocrx_word' id='word_1_2' title='bbox 1181 407 1224 473; x_wconf 88' lang='grc'><strong>63</strong></span> 
     </span>
    </p>
   </div>
   <div class='ocr_carea' id='block_1_2' title="bbox 20 575 1224 661">
    <p class='ocr_par' dir='ltr' id='par_1_2' title="bbox 20 575 1224 661">
     <span class='ocr_line' id='line_1_2' title="bbox 20 575 1224 661; baseline 0.003 -22"><span class='ocrx_word' id='word_1_3' title='bbox 20 578 24 587; x_wconf 92' lang='grc'><strong>“</strong></span> <span class='ocrx_word' id='word_1_4' title='bbox 133 575 235 640; x_wconf 73' lang='lat' dir='ltr'><strong>modos</strong></span> <span class='ocrx_word' id='word_1_5' title='bbox 262 588 364 641; x_wconf 73' lang='lat' dir='ltr'><strong>tamen</strong></span> <span class='ocrx_word' id='word_1_6' title='bbox 392 578 497 642; x_wconf 77' lang='lat' dir='ltr'><strong>orto&#39;s.</strong></span> <span class='ocrx_word' id='word_1_7' title='bbox 519 577 552 641; x_wconf 95' lang='lat' dir='ltr'><strong>in</strong></span> <span class='ocrx_word' id='word_1_8' title='bbox 575 582 640 642; x_wconf 68' lang='lat' dir='ltr'><strong>mm</strong></span> <span class='ocrx_word' id='word_1_9' title='bbox 663 584 778 643; x_wconf 88' lang='lat' dir='ltr'><strong>exacta</strong></span> <span class='ocrx_word' id='word_1_10' title='bbox 799 583 977 661; x_wconf 91' lang='lat' dir='ltr'><strong>temporum</strong></span> <span class='ocrx_word' id='word_1_11' title='bbox 999 577 1224 643; x_wconf 87' lang='lat' dir='ltr'><strong>convenientia</strong></span> 
     </span>
    </p>
   </div>
   <div class='ocr_carea' id='block_1_3' title="bbox 113 677 1224 4658">
    <p class='ocr_par' dir='ltr' id='par_1_3' title="bbox 113 677 1224 3328">
     <span class='ocr_line' id='line_1_3' title="bbox 132 677 1224 765; baseline 0.001 -22"><span class='ocrx_word' id='word_1_12' title='bbox 132 677 200 743; x_wconf 84' lang='lat' dir='ltr'><strong>nihil</strong></span> <span class='ocrx_word' id='word_1_13' title='bbox 220 677 324 744; x_wconf 88' lang='lat' dir='ltr'><strong>obstat</strong></span> <span class='ocrx_word' id='word_1_14' title='bbox 345 697 410 762; x_wconf 89' lang='lat' dir='ltr'><strong>quo</strong></span> <span class='ocrx_word' id='word_1_15' title='bbox 434 678 540 745; x_wconf 91' lang='lat' dir='ltr'><strong>minus</strong></span> <span class='ocrx_word' id='word_1_16' title='bbox 556 679 786 765; x_wconf 85' lang='lat' dir='ltr'><strong>Hieronymum</strong></span> <span class='ocrx_word' id='word_1_17' title='bbox 802 677 853 744; x_wconf 93' lang='lat' dir='ltr'><strong>hio</strong></span> <span class='ocrx_word' id='word_1_18' title='bbox 867 679 1020 745; x_wconf 85' lang='lat' dir='ltr'><strong>Suetonio</strong></span> <span class='ocrx_word' id='word_1_19' title='bbox 1036 679 1116 745; x_wconf 91' lang='lat' dir='ltr'><strong>satis</strong></span> <span class='ocrx_word' id='word_1_20' title='bbox 1138 686 1224 744; x_wconf 91' lang='lat' dir='ltr'><strong>recte</strong></span> 
     </span>
     <span class='ocr_line' id='line_1_4' title="bbox 130 780 1223 866; baseline 0.002 -22"><span class='ocrx_word' id='word_1_21' title='bbox 130 800 212 845; x_wconf 87' lang='lat' dir='ltr'><strong>nsum</strong></span> <span class='ocrx_word' id='word_1_22' title='bbox 233 798 304 846; x_wconf 87' lang='lat' dir='ltr'><strong>esse</strong></span> <span class='ocrx_word' id='word_1_23' title='bbox 326 780 512 848; x_wconf 88' lang='lat' dir='ltr'><strong>credamus:</strong></span> <span class='ocrx_word' id='word_1_24' title='bbox 541 801 601 847; x_wconf 91' lang='lat' dir='ltr'><strong>nec</strong></span> <span class='ocrx_word' id='word_1_25' title='bbox 630 781 770 848; x_wconf 84' lang='lat' dir='ltr'><strong>dubitari</strong></span> <span class='ocrx_word' id='word_1_26' title='bbox 793 787 900 866; x_wconf 90' lang='lat' dir='ltr'><strong>potest</strong></span> <span class='ocrx_word' id='word_1_27' title='bbox 921 783 996 866; x_wconf 91' lang='lat' dir='ltr'><strong>quin</strong></span> <span class='ocrx_word' id='word_1_28' title='bbox 1020 783 1087 848; x_wconf 85' lang='lat' dir='ltr'><strong>lere</strong></span> <span class='ocrx_word' id='word_1_29' title='bbox 1111 781 1223 848; x_wconf 88' lang='lat' dir='ltr'><strong>eadem</strong></span> 
     </span>
     <span class='ocr_line' id='line_1_5' title="bbox 129 883 1223 969; baseline 0.003 -23"><span class='ocrx_word' id='word_1_30' title='bbox 129 883 158 946; x_wconf 95' lang='lat' dir='ltr'><strong>in</strong></span> <span class='ocrx_word' id='word_1_31' title='bbox 177 883 409 948; x_wconf 86' lang='lat' dir='ltr'><strong>commentariis</strong></span> <span class='ocrx_word' id='word_1_32' title='bbox 432 884 465 948; x_wconf 90' lang='lat' dir='ltr'><strong>in</strong></span> <span class='ocrx_word' id='word_1_33' title='bbox 481 885 620 950; x_wconf 91' lang='lat' dir='ltr'><strong>Lucretii</strong></span> <span class='ocrx_word' id='word_1_34' title='bbox 641 903 769 950; x_wconf 88' lang='lat' dir='ltr'><strong>carmen</strong></span> <span class='ocrx_word' id='word_1_35' title='bbox 792 883 918 968; x_wconf 88' lang='lat' dir='ltr'><strong>scriptis</strong></span> <span class='ocrx_word' id='word_1_36' title='bbox 941 885 1118 969; x_wconf 88' lang='lat' dir='ltr'><strong>invenerit,</strong></span> <span class='ocrx_word' id='word_1_37' title='bbox 1142 905 1223 969; x_wconf 88' lang='lat' dir='ltr'><strong>quos</strong></span> 
     </span>
     <span class='ocr_line' id='line_1_6' title="bbox 129 984 1222 1074; baseline 0.005 -25"><span class='ocrx_word' id='word_1_38' title='bbox 129 984 215 1068; x_wconf 85' lang='lat' dir='ltr'><strong>vulgo</strong></span> <span class='ocrx_word' id='word_1_39' title='bbox 237 991 330 1050; x_wconf 90' lang='lat' dir='ltr'><strong>notos</strong></span> <span class='ocrx_word' id='word_1_40' title='bbox 354 984 454 1052; x_wconf 88' lang='lat' dir='ltr'><strong>luisse</strong></span> <span class='ocrx_word' id='word_1_41' title='bbox 477 993 612 1053; x_wconf 88' lang='lat' dir='ltr'><strong>testator</strong></span> <span class='ocrx_word' id='word_1_42' title='bbox 637 986 671 1052; x_wconf 92' lang='lat' dir='ltr'><strong>iu</strong></span> <span class='ocrx_word' id='word_1_43' title='bbox 693 986 846 1071; x_wconf 81' lang='lat' dir='ltr'><strong>apologia</strong></span> <span class='ocrx_word' id='word_1_44' title='bbox 872 987 905 1052; x_wconf 92' lang='lat' dir='ltr'><strong>in</strong></span> <span class='ocrx_word' id='word_1_45' title='bbox 928 987 1074 1054; x_wconf 90' lang='lat' dir='ltr'><strong>Rulinnm</strong></span> <span class='ocrx_word' id='word_1_46' title='bbox 1096 989 1222 1074; x_wconf 85' lang='lat' dir='ltr'><strong>prima,</strong></span> 
     </span>
     <span class='ocr_line' id='line_1_7' title="bbox 127 1087 1222 1176; baseline 0.005 -25"><span class='ocrx_word' id='word_1_47' title='bbox 127 1093 203 1152; x_wconf 86' lang='lat' dir='ltr'><strong>tonm</strong></span> <span class='ocrx_word' id='word_1_48' title='bbox 217 1109 240 1150; x_wconf 97' lang='grc' dir='ltr'><strong>ιι</strong></span> <span class='ocrx_word' id='word_1_49' title='bbox 254 1108 287 1173; x_wconf 90' lang='lat' dir='ltr'><strong>p.</strong></span> <span class='ocrx_word' id='word_1_50' title='bbox 298 1087 363 1152; x_wconf 81' lang='grc'><strong>472</strong></span> <span class='ocrx_word' id='word_1_51' title='bbox 378 1088 429 1154; x_wconf 90' lang='lat' dir='ltr'><strong>ed.</strong></span> <span class='ocrx_word' id='word_1_52' title='bbox 446 1089 599 1156; x_wconf 90' lang='lat' dir='ltr'><strong>Vallarsii</strong></span> <span class='ocrx_word' id='word_1_53' title='bbox 615 1139 621 1154; x_wconf 95' lang='lat'>.</span> <span class='ocrx_word' id='word_1_54' title='bbox 639 1091 672 1155; x_wconf 91' lang='lat' dir='ltr'><strong>in</strong></span> <span class='ocrx_word' id='word_1_55' title='bbox 688 1110 722 1156; x_wconf 89' lang='lat' dir='ltr'><strong>ne</strong></span> <span class='ocrx_word' id='word_1_56' title='bbox 737 1095 815 1156; x_wconf 92' lang='lat' dir='ltr'><strong>nota</strong></span> <span class='ocrx_word' id='word_1_57' title='bbox 836 1089 914 1154; x_wconf 93' lang='lat' dir='ltr'><strong>nihil</strong></span> <span class='ocrx_word' id='word_1_58' title='bbox 938 1109 1019 1176; x_wconf 92' lang='lat' dir='ltr'><strong>opus</strong></span> <span class='ocrx_word' id='word_1_59' title='bbox 1042 1089 1102 1155; x_wconf 86' lang='lat' dir='ltr'><strong>luit</strong></span> <span class='ocrx_word' id='word_1_60' title='bbox 1123 1097 1158 1156; x_wconf 93' lang='lat' dir='ltr'><strong>ut</strong></span> <span class='ocrx_word' id='word_1_61' title='bbox 1173 1092 1222 1159; x_wconf 84' lang='lat' dir='ltr'><strong>ci-</strong></span> 
     </span>
     <span class='ocr_line' id='line_1_8' title="bbox 127 1189 1222 1278; baseline 0.003 -22"><span class='ocrx_word' id='word_1_62' title='bbox 127 1189 240 1256; x_wconf 88' lang='lat' dir='ltr'><strong>ceronis</strong></span> <span class='ocrx_word' id='word_1_63' title='bbox 262 1210 458 1275; x_wconf 77' lang='lat' dir='ltr'><strong>praenomen</strong></span> <span class='ocrx_word' id='word_1_64' title='bbox 482 1200 635 1278; x_wconf 89' lang='lat' dir='ltr'><strong>poneret,</strong></span> <span class='ocrx_word' id='word_1_65' title='bbox 663 1211 733 1256; x_wconf 93' lang='lat' dir='ltr'><strong>cnm</strong></span> <span class='ocrx_word' id='word_1_66' title='bbox 759 1211 852 1258; x_wconf 92' lang='lat' dir='ltr'><strong>nemo</strong></span> <span class='ocrx_word' id='word_1_67' title='bbox 882 1193 1046 1276; x_wconf 79' lang='lat' dir='ltr'><strong>ignoraret</strong></span> <span class='ocrx_word' id='word_1_68' title='bbox 1073 1191 1222 1272; x_wconf 81' lang='lat' dir='ltr'><strong>Quintum</strong></span> 
     </span>
     <span class='ocr_line' id='line_1_9' title="bbox 127 1292 1222 1380; baseline 0.005 -24"><span class='ocrx_word' id='word_1_69' title='bbox 127 1292 368 1376; x_wconf 82' lang='lat' dir='ltr'><strong>intellegendum</strong></span> <span class='ocrx_word' id='word_1_70' title='bbox 384 1313 476 1379; x_wconf 90' lang='lat' dir='ltr'><strong>esse,</strong></span> <span class='ocrx_word' id='word_1_71' title='bbox 497 1315 568 1361; x_wconf 90' lang='lat' dir='ltr'><strong>enm</strong></span> <span class='ocrx_word' id='word_1_72' title='bbox 583 1296 688 1380; x_wconf 91' lang='lat' dir='ltr'><strong>ipsum</strong></span> <span class='ocrx_word' id='word_1_73' title='bbox 705 1295 793 1361; x_wconf 90' lang='lat' dir='ltr'><strong>cuius</strong></span> <span class='ocrx_word' id='word_1_74' title='bbox 810 1294 908 1361; x_wconf 87' lang='lat' dir='ltr'><strong>irater·</strong></span> <span class='ocrx_word' id='word_1_75' title='bbox 924 1293 964 1361; x_wconf 92' lang='lat' dir='ltr'><strong>de</strong></span> <span class='ocrx_word' id='word_1_76' title='bbox 980 1295 1127 1363; x_wconf 88' lang='lat' dir='ltr'><strong>Lucretio</strong></span> <span class='ocrx_word' id='word_1_77' title='bbox 1144 1297 1222 1362; x_wconf 90' lang='lat' dir='ltr'><strong>iudi-</strong></span> 
     </span>
     <span class='ocr_line' id='line_1_10' title="bbox 124 1395 1223 1484; baseline 0.005 -24"><span class='ocrx_word' id='word_1_78' title='bbox 124 1395 197 1461; x_wconf 89' lang='lat' dir='ltr'><strong>cium</strong></span> <span class='ocrx_word' id='word_1_79' title='bbox 218 1395 356 1481; x_wconf 86' lang='lat' dir='ltr'><strong>probat,</strong></span> <span class='ocrx_word' id='word_1_80' title='bbox 379 1395 540 1462; x_wconf 86' lang='lat' dir='ltr'><strong>hominem</strong></span> <span class='ocrx_word' id='word_1_81' title='bbox 563 1399 596 1462; x_wconf 92' lang='lat' dir='ltr'><strong>in</strong></span> <span class='ocrx_word' id='word_1_82' title='bbox 618 1397 733 1464; x_wconf 88' lang='lat' dir='ltr'><strong>studiis</strong></span> <span class='ocrx_word' id='word_1_83' title='bbox 756 1398 890 1483; x_wconf 72' lang='lat' dir='ltr'><strong>politicis</strong></span> <span class='ocrx_word' id='word_1_84' title='bbox 912 1405 1094 1481; x_wconf 85' lang='lat' dir='ltr'><strong>versatum,</strong></span> <span class='ocrx_word' id='word_1_85' title='bbox 1118 1420 1223 1484; x_wconf 89' lang='lat' dir='ltr'><strong>neque</strong></span> 
     </span>
     <span class='ocr_line' id='line_1_11' title="bbox 123 1497 1220 1586; baseline 0.005 -24"><span class='ocrx_word' id='word_1_86' title='bbox 123 1497 356 1584; x_wconf 88' lang='lat' dir='ltr'><strong>aphilosophia</strong></span> <span class='ocrx_word' id='word_1_87' title='bbox 371 1499 528 1585; x_wconf 84' lang='lat' dir='ltr'><strong>alienum,</strong></span> <span class='ocrx_word' id='word_1_88' title='bbox 545 1499 603 1565; x_wconf 89' lang='lat' dir='ltr'><strong>sed</strong></span> <span class='ocrx_word' id='word_1_89' title='bbox 619 1500 699 1565; x_wconf 93' lang='lat' dir='ltr'><strong>nulli</strong></span> <span class='ocrx_word' id='word_1_90' title='bbox 711 1509 819 1566; x_wconf 88' lang='lat' dir='ltr'><strong>certae</strong></span> <span class='ocrx_word' id='word_1_91' title='bbox 831 1500 1024 1586; x_wconf 87' lang='lat' dir='ltr'><strong>disciplinae</strong></span> <span class='ocrx_word' id='word_1_92' title='bbox 1036 1501 1197 1568; x_wconf 88' lang='lat' dir='ltr'><strong>addictum</strong></span> <span class='ocrx_word' id='word_1_93' title='bbox 1214 1552 1220 1567; x_wconf 96' lang='lat'><em>.</em></span> 
     </span>
     <span class='ocr_line' id='line_1_12' title="bbox 123 1601 1221 1686; baseline 0.002 -20"><span class='ocrx_word' id='word_1_94' title='bbox 123 1609 152 1667; x_wconf 92' lang='lat' dir='ltr'><strong>at</strong></span> <span class='ocrx_word' id='word_1_95' title='bbox 171 1601 267 1668; x_wconf 82' lang='lat' dir='ltr'><strong>nostri</strong></span> <span class='ocrx_word' id='word_1_96' title='bbox 291 1601 504 1686; x_wconf 89' lang='lat' dir='ltr'><strong>interpretes,</strong></span> <span class='ocrx_word' id='word_1_97' title='bbox 520 1603 613 1685; x_wconf 87' lang='lat' dir='ltr'><strong>qnasi</strong></span> <span class='ocrx_word' id='word_1_98' title='bbox 637 1602 757 1668; x_wconf 90' lang='lat' dir='ltr'><strong>nullum</strong></span> <span class='ocrx_word' id='word_1_99' title='bbox 780 1605 843 1668; x_wconf 89' lang='lat' dir='ltr'><strong>nisi</strong></span> <span class='ocrx_word' id='word_1_100' title='bbox 860 1609 1019 1669; x_wconf 87' lang='lat' dir='ltr'><strong>oratorem</strong></span> <span class='ocrx_word' id='word_1_101' title='bbox 1035 1603 1221 1670; x_wconf 82' lang='lat' dir='ltr'><strong>Ciceronem</strong></span> 
     </span>
     <span class='ocr_line' id='line_1_13' title="bbox 121 1702 1222 1786; baseline 0.004 -18"><span class='ocrx_word' id='word_1_102' title='bbox 121 1711 264 1786; x_wconf 79' lang='lat' dir='ltr'><strong>nossent,</strong></span> <span class='ocrx_word' id='word_1_103' title='bbox 288 1702 330 1768; x_wconf 92' lang='lat' dir='ltr'><strong>de</strong></span> <span class='ocrx_word' id='word_1_104' title='bbox 344 1703 483 1768; x_wconf 88' lang='lat' dir='ltr'><strong>Lucretii</strong></span> <span class='ocrx_word' id='word_1_105' title='bbox 499 1704 675 1769; x_wconf 79' lang='lat' dir='ltr'><strong>carminum</strong></span> <span class='ocrx_word' id='word_1_106' title='bbox 692 1706 916 1772; x_wconf 87' lang='lat' dir='ltr'><strong>emendatione</strong></span> <span class='ocrx_word' id='word_1_107' title='bbox 932 1704 1134 1772; x_wconf 90' lang='lat' dir='ltr'><strong>mendacium</strong></span> <span class='ocrx_word' id='word_1_108' title='bbox 1150 1726 1222 1772; x_wconf 89' lang='lat' dir='ltr'><strong>esse</strong></span> 
     </span>
     <span class='ocr_line' id='line_1_14' title="bbox 121 1805 1222 1894; baseline 0.001 -21"><span class='ocrx_word' id='word_1_109' title='bbox 121 1807 273 1892; x_wconf 82' lang='lat' dir='ltr'><strong>clamant,</strong></span> <span class='ocrx_word' id='word_1_110' title='bbox 292 1811 400 1872; x_wconf 87' lang='lat' dir='ltr'><strong>cetera</strong></span> <span class='ocrx_word' id='word_1_111' title='bbox 416 1805 535 1870; x_wconf 86' lang='lat' dir='ltr'><strong>Donati</strong></span> <span class='ocrx_word' id='word_1_112' title='bbox 552 1813 584 1871; x_wconf 87' lang='lat' dir='ltr'><strong>at</strong></span> <span class='ocrx_word' id='word_1_113' title='bbox 598 1806 783 1894; x_wconf 85' lang='lat' dir='ltr'><strong>Hieronymi</strong></span> <span class='ocrx_word' id='word_1_114' title='bbox 800 1827 865 1874; x_wconf 94' lang='lat' dir='ltr'><strong>non</strong></span> <span class='ocrx_word' id='word_1_115' title='bbox 881 1815 1057 1894; x_wconf 85' lang='lat' dir='ltr'><strong>exornata,</strong></span> <span class='ocrx_word' id='word_1_116' title='bbox 1075 1809 1133 1874; x_wconf 90' lang='lat' dir='ltr'><strong>sed</strong></span> <span class='ocrx_word' id='word_1_117' title='bbox 1149 1807 1222 1874; x_wconf 84' lang='lat' dir='ltr'><strong>ficta</strong></span> 
     </span>
     <span class='ocr_line' id='line_1_15' title="bbox 119 1909 1221 1996; baseline 0 -22"><span class='ocrx_word' id='word_1_118' title='bbox 119 1915 147 1974; x_wconf 87' lang='lat' dir='ltr'><strong>ct</strong></span> <span class='ocrx_word' id='word_1_119' title='bbox 166 1909 390 1976; x_wconf 90' lang='lat' dir='ltr'><strong>commenticia</strong></span> <span class='ocrx_word' id='word_1_120' title='bbox 410 1910 638 1994; x_wconf 90' lang='lat' dir='ltr'><strong>pronuntiant.</strong></span> <span class='ocrx_word' id='word_1_121' title='bbox 656 1930 717 1994; x_wconf 91' lang='lat' dir='ltr'><strong>ego</strong></span> <span class='ocrx_word' id='word_1_122' title='bbox 740 1929 817 1976; x_wconf 86' lang='lat' dir='ltr'><strong>nero</strong></span> <span class='ocrx_word' id='word_1_123' title='bbox 840 1911 872 1975; x_wconf 92' lang='lat' dir='ltr'><strong>in</strong></span> <span class='ocrx_word' id='word_1_124' title='bbox 895 1911 1154 1996; x_wconf 86' lang='lat' dir='ltr'><strong>Hieronymianis</strong></span> <span class='ocrx_word' id='word_1_125' title='bbox 1176 1911 1221 1974; x_wconf 93' lang='lat' dir='ltr'><strong>ni-</strong></span> 
     </span>
     <span class='ocr_line' id='line_1_16' title="bbox 121 2010 1221 2098; baseline 0.002 -22"><span class='ocrx_word' id='word_1_126' title='bbox 121 2011 159 2076; x_wconf 92' lang='lat' dir='ltr'><strong>hil</strong></span> <span class='ocrx_word' id='word_1_127' title='bbox 180 2013 311 2076; x_wconf 92' lang='lat' dir='ltr'><strong>omnino</strong></span> <span class='ocrx_word' id='word_1_128' title='bbox 326 2010 412 2094; x_wconf 90' lang='lat' dir='ltr'><strong>qnod</strong></span> <span class='ocrx_word' id='word_1_129' title='bbox 429 2012 514 2078; x_wconf 88' lang='lat' dir='ltr'><strong>credi</strong></span> <span class='ocrx_word' id='word_1_130' title='bbox 530 2032 595 2078; x_wconf 95' lang='lat' dir='ltr'><strong>non</strong></span> <span class='ocrx_word' id='word_1_131' title='bbox 609 2014 713 2098; x_wconf 87' lang='lat' dir='ltr'><strong>possit</strong></span> <span class='ocrx_word' id='word_1_132' title='bbox 727 2013 879 2080; x_wconf 89' lang='lat' dir='ltr'><strong>invenio:</strong></span> <span class='ocrx_word' id='word_1_133' title='bbox 902 2014 1106 2098; x_wconf 86' lang='lat' dir='ltr'><strong>nequeenim</strong></span> <span class='ocrx_word' id='word_1_134' title='bbox 1122 2020 1221 2078; x_wconf 91' lang='lat' dir='ltr'><strong>totam</strong></span> 
     </span>
     <span class='ocr_line' id='line_1_17' title="bbox 118 2114 1220 2201; baseline 0.002 -23"><span class='ocrx_word' id='word_1_135' title='bbox 118 2115 224 2197; x_wconf 76' lang='lat' dir='ltr'><strong>potsin</strong></span> <span class='ocrx_word' id='word_1_136' title='bbox 238 2131 301 2199; x_wconf 86' lang='lat' dir='ltr'><strong>per</strong></span> <span class='ocrx_word' id='word_1_137' title='bbox 315 2116 489 2182; x_wconf 77' lang='lat' dir='ltr'><strong>intervella</strong></span> <span class='ocrx_word' id='word_1_138' title='bbox 502 2114 652 2180; x_wconf 87' lang='lat' dir='ltr'><strong>insaniae</strong></span> <span class='ocrx_word' id='word_1_139' title='bbox 666 2117 876 2201; x_wconf 79' lang='lat' dir='ltr'><strong>compositam</strong></span> <span class='ocrx_word' id='word_1_140' title='bbox 892 2116 988 2198; x_wconf 85' lang='lat' dir='ltr'><strong>dicit,</strong></span> <span class='ocrx_word' id='word_1_141' title='bbox 1003 2117 1062 2183; x_wconf 89' lang='lat' dir='ltr'><strong>sed</strong></span> <span class='ocrx_word' id='word_1_142' title='bbox 1079 2117 1220 2200; x_wconf 85' lang='lat' dir='ltr'><strong>aliquam</strong></span> 
     </span>
     <span class='ocr_line' id='line_1_18' title="bbox 117 2216 1220 2305; baseline 0.001 -24"><span class='ocrx_word' id='word_1_143' title='bbox 117 2225 260 2301; x_wconf 88' lang='lat' dir='ltr'><strong>partem.</strong></span> <span class='ocrx_word' id='word_1_144' title='bbox 286 2216 362 2281; x_wconf 91' lang='lat' dir='ltr'><strong>olim</strong></span> <span class='ocrx_word' id='word_1_145' title='bbox 391 2216 490 2282; x_wconf 85' lang='lat' dir='ltr'><strong>inisse</strong></span> <span class='ocrx_word' id='word_1_146' title='bbox 516 2217 571 2300; x_wconf 90' lang='lat' dir='ltr'><strong>qui</strong></span> <span class='ocrx_word' id='word_1_147' title='bbox 599 2237 635 2284; x_wconf 91' lang='lat' dir='ltr'><strong>se</strong></span> <span class='ocrx_word' id='word_1_148' title='bbox 661 2237 777 2284; x_wconf 91' lang='lat' dir='ltr'><strong>nomen</strong></span> <span class='ocrx_word' id='word_1_149' title='bbox 801 2239 929 2305; x_wconf 89' lang='lat' dir='ltr'><strong>qnoque</strong></span> <span class='ocrx_word' id='word_1_150' title='bbox 951 2218 1059 2284; x_wconf 84' lang='lat' dir='ltr'><strong>uxoris</strong></span> <span class='ocrx_word' id='word_1_151' title='bbox 1082 2219 1220 2285; x_wconf 90' lang='lat' dir='ltr'><strong>Lucretii</strong></span> 
     </span>
     <span class='ocr_line' id='line_1_19' title="bbox 117 2318 1220 2406; baseline 0.005 -25"><span class='ocrx_word' id='word_1_152' title='bbox 117 2320 293 2403; x_wconf 88' lang='lat' dir='ltr'><strong>repperisse</strong></span> <span class='ocrx_word' id='word_1_153' title='bbox 322 2323 492 2402; x_wconf 86' lang='lat' dir='ltr'><strong>putarent,</strong></span> <span class='ocrx_word' id='word_1_154' title='bbox 520 2318 634 2386; x_wconf 91' lang='lat' dir='ltr'><strong>Petrus</strong></span> <span class='ocrx_word' id='word_1_155' title='bbox 662 2320 802 2387; x_wconf 78' lang='lat' dir='ltr'><strong>ennius</strong></span> <span class='ocrx_word' id='word_1_156' title='bbox 829 2327 984 2387; x_wconf 88' lang='lat' dir='ltr'><strong>testatur:</strong></span> <span class='ocrx_word' id='word_1_157' title='bbox 1011 2327 1125 2406; x_wconf 84' lang='lat' dir='ltr'><strong>postea</strong></span> <span class='ocrx_word' id='word_1_158' title='bbox 1147 2319 1220 2387; x_wconf 87' lang='lat' dir='ltr'><strong>Sca-</strong></span> 
     </span>
     <span class='ocr_line' id='line_1_20' title="bbox 116 2419 1218 2510; baseline 0.005 -26"><span class='ocrx_word' id='word_1_159' title='bbox 116 2421 212 2506; x_wconf 84' lang='lat' dir='ltr'><strong>liger,</strong></span> <span class='ocrx_word' id='word_1_160' title='bbox 242 2421 334 2488; x_wconf 88' lang='lat' dir='ltr'><strong>cuius</strong></span> <span class='ocrx_word' id='word_1_161' title='bbox 362 2419 522 2503; x_wconf 80' lang='lat' dir='ltr'><strong>insignem</strong></span> <span class='ocrx_word' id='word_1_162' title='bbox 549 2422 711 2507; x_wconf 90' lang='lat' dir='ltr'><strong>quendam</strong></span> <span class='ocrx_word' id='word_1_163' title='bbox 738 2444 877 2490; x_wconf 88' lang='lat' dir='ltr'><strong>errorem</strong></span> <span class='ocrx_word' id='word_1_164' title='bbox 900 2423 1007 2490; x_wconf 91' lang='lat' dir='ltr'><strong>sciens</strong></span> <span class='ocrx_word' id='word_1_165' title='bbox 1028 2431 1218 2510; x_wconf 84' lang='lat' dir='ltr'><strong>praetereo,</strong></span> 
     </span>
     <span class='ocr_line' id='line_1_21' title="bbox 116 2523 1220 2610; baseline 0.005 -23"><span class='ocrx_word' id='word_1_166' title='bbox 116 2523 246 2590; x_wconf 88' lang='lat' dir='ltr'><strong>eandem</strong></span> <span class='ocrx_word' id='word_1_167' title='bbox 262 2543 330 2590; x_wconf 92' lang='lat' dir='ltr'><strong>rem</strong></span> <span class='ocrx_word' id='word_1_168' title='bbox 347 2523 440 2607; x_wconf 88' lang='lat' dir='ltr'><strong>quasi</strong></span> <span class='ocrx_word' id='word_1_169' title='bbox 456 2543 573 2589; x_wconf 84' lang='lat' dir='ltr'><strong>novam</strong></span> <span class='ocrx_word' id='word_1_170' title='bbox 589 2527 721 2610; x_wconf 89' lang='lat' dir='ltr'><strong>protulit</strong></span> <span class='ocrx_word' id='word_1_171' title='bbox 735 2527 777 2591; x_wconf 88' lang='lat' dir='ltr'><strong>ad</strong></span> <span class='ocrx_word' id='word_1_172' title='bbox 793 2525 967 2592; x_wconf 83' lang='lat' dir='ltr'><strong>Eusebium</strong></span> <span class='ocrx_word' id='word_1_173' title='bbox 988 2546 1019 2590; x_wconf 92' lang='lat' dir='ltr'><strong>n.</strong></span> <span class='ocrx_word' id='word_1_174' title='bbox 1039 2527 1120 2593; x_wconf 87' lang='grc'><strong>1922</strong></span> <span class='ocrx_word' id='word_1_175' title='bbox 1137 2574 1144 2591; x_wconf 93' lang='grc'><strong>.</strong></span> <span class='ocrx_word' id='word_1_176' title='bbox 1161 2528 1220 2592; x_wconf 92' lang='lat' dir='ltr'><strong>sci-</strong></span> 
     </span>
     <span class='ocr_line' id='line_1_22' title="bbox 115 2625 1219 2714; baseline 0.005 -25"><span class='ocrx_word' id='word_1_177' title='bbox 115 2626 184 2692; x_wconf 88' lang='lat' dir='ltr'><strong>lieet</strong></span> <span class='ocrx_word' id='word_1_178' title='bbox 196 2628 230 2691; x_wconf 90' lang='lat' dir='ltr'><strong>in</strong></span> <span class='ocrx_word' id='word_1_179' title='bbox 246 2625 466 2709; x_wconf 88' lang='lat' dir='ltr'><strong>nugacissimo</strong></span> <span class='ocrx_word' id='word_1_180' title='bbox 480 2626 610 2710; x_wconf 84' lang='lat' dir='ltr'><strong>libello,</strong></span> <span class='ocrx_word' id='word_1_181' title='bbox 627 2629 683 2711; x_wconf 90' lang='lat' dir='ltr'><strong>qui</strong></span> <span class='ocrx_word' id='word_1_182' title='bbox 703 2629 786 2694; x_wconf 88' lang='lat' dir='ltr'><strong>inter</strong></span> <span class='ocrx_word' id='word_1_183' title='bbox 801 2628 987 2713; x_wconf 86' lang='lat' dir='ltr'><strong>Hieronymi</strong></span> <span class='ocrx_word' id='word_1_184' title='bbox 1011 2648 1112 2714; x_wconf 90' lang='lat' dir='ltr'><strong>opera</strong></span> <span class='ocrx_word' id='word_1_185' title='bbox 1135 2637 1219 2694; x_wconf 90' lang='lat' dir='ltr'><strong>tomo</strong></span> 
     </span>
     <span class='ocr_line' id='line_1_23' title="bbox 115 2727 1219 2818; baseline 0.005 -28"><span class='ocrx_word' id='word_1_186' title='bbox 115 2749 145 2790; x_wconf 80' lang='grc' dir='ltr'><strong>ιι</strong></span> <span class='ocrx_word' id='word_1_187' title='bbox 165 2728 273 2794; x_wconf 81' lang='lat' dir='ltr'><strong>editus</strong></span> <span class='ocrx_word' id='word_1_188' title='bbox 294 2734 344 2794; x_wconf 81' lang='lat' dir='ltr'><strong>est</strong></span> <span class='ocrx_word' id='word_1_189' title='bbox 364 2727 411 2794; x_wconf 81' lang='lat' dir='ltr'><strong>its</strong></span> <span class='ocrx_word' id='word_1_190' title='bbox 427 2727 618 2813; x_wconf 77' lang='lat' dir='ltr'><strong>inscriptae,</strong></span> <span class='ocrx_word' id='word_1_191' title='bbox 649 2731 795 2796; x_wconf 81' lang='lat' dir='ltr'><strong>Valerius</strong></span> <span class='ocrx_word' id='word_1_192' title='bbox 810 2731 960 2818; x_wconf 79' lang='lat' dir='ltr'><strong>Raffiao‚</strong></span> <span class='ocrx_word' id='word_1_193' title='bbox 977 2755 1016 2796; x_wconf 82' lang='lat' dir='ltr'><strong>aa</strong></span> <span class='ocrx_word' id='word_1_194' title='bbox 1032 2731 1127 2797; x_wconf 78' lang='lat' dir='ltr'><strong>decas</strong></span> <span class='ocrx_word' id='word_1_195' title='bbox 1142 2756 1219 2796; x_wconf 74' lang='lat' dir='ltr'><strong>uano-</strong></span> 
     </span>
     <span class='ocr_line' id='line_1_24' title="bbox 115 2829 1220 2920; baseline 0.004 -26"><span class='ocrx_word' id='word_1_196' title='bbox 115 2856 190 2916; x_wconf 80' lang='lat' dir='ltr'><strong>rem,</strong></span> <span class='ocrx_word' id='word_1_197' title='bbox 203 2853 235 2917; x_wconf 91' lang='lat' dir='ltr'><strong>p.</strong></span> <span class='ocrx_word' id='word_1_198' title='bbox 247 2829 311 2896; x_wconf 78' lang='lat'><strong>245</strong></span> <span class='ocrx_word' id='word_1_199' title='bbox 323 2829 403 2896; x_wconf 85' lang='lat' dir='ltr'><strong>haec</strong></span> <span class='ocrx_word' id='word_1_200' title='bbox 414 2829 585 2914; x_wconf 82' lang='lat' dir='ltr'><strong>leguntur.</strong></span> <span class='ocrx_word' id='word_1_201' title='bbox 602 2833 699 2898; x_wconf 68' lang='lat' dir='ltr'><strong>Initio</strong></span> <span class='ocrx_word' id='word_1_202' title='bbox 713 2835 817 2898; x_wconf 79' lang='lat' dir='ltr'><strong>virum</strong></span> <span class='ocrx_word' id='word_1_203' title='bbox 833 2857 925 2898; x_wconf 72' lang='lat' dir='ltr'><strong>mum</strong></span> <span class='ocrx_word' id='word_1_204' title='bbox 936 2833 1113 2918; x_wconf 74' lang='lat' dir='ltr'><strong>sisterfaos‘t,</strong></span> <span class='ocrx_word' id='word_1_205' title='bbox 1130 2858 1220 2920; x_wconf 84' lang='lat' dir='ltr'><strong>quem</strong></span> 
     </span>
     <span class='ocr_line' id='line_1_25' title="bbox 115 2931 1220 3020; baseline 0.004 -24"><span class='ocrx_word' id='word_1_206' title='bbox 115 2936 204 3000; x_wconf 69' lang='lat' dir='ltr'><strong>oensis</strong></span> <span class='ocrx_word' id='word_1_207' title='bbox 218 2934 300 3000; x_wconf 81' lang='lat' dir='ltr'><strong>odiit</strong></span> <span class='ocrx_word' id='word_1_208' title='bbox 310 2955 322 3016; x_wconf 83' lang='lat'><strong>,·</strong></span> <span class='ocrx_word' id='word_1_209' title='bbox 336 2931 585 3018; x_wconf 74' lang='lat' dir='ltr'><strong>Lucillianum,</strong></span> <span class='ocrx_word' id='word_1_210' title='bbox 601 2959 693 3020; x_wconf 85' lang='lat' dir='ltr'><strong>quem</strong></span> <span class='ocrx_word' id='word_1_211' title='bbox 703 2937 799 3000; x_wconf 77' lang='lat' dir='ltr'><strong>nimis</strong></span> <span class='ocrx_word' id='word_1_212' title='bbox 811 2937 928 3000; x_wconf 74' lang='lat' dir='ltr'><strong>amavit</strong></span> <span class='ocrx_word' id='word_1_213' title='bbox 940 2983 947 2998; x_wconf 92' lang='lat'><strong>.</strong></span> <span class='ocrx_word' id='word_1_214' title='bbox 959 2936 1020 3000; x_wconf 74' lang='lat' dir='ltr'><strong>illa</strong></span> <span class='ocrx_word' id='word_1_215' title='bbox 1030 2949 1137 3020; x_wconf 84' lang='lat' dir='ltr'><strong>sponte</strong></span> <span class='ocrx_word' id='word_1_216' title='bbox 1147 2938 1220 3000; x_wconf 84' lang='lat' dir='ltr'><strong>mis-</strong></span> 
     </span>
     <span class='ocr_line' id='line_1_26' title="bbox 113 3035 1219 3124; baseline 0.002 -25"><span class='ocrx_word' id='word_1_217' title='bbox 113 3037 173 3101; x_wconf 80' lang='lat' dir='ltr'><strong>cuit</strong></span> <span class='ocrx_word' id='word_1_218' title='bbox 185 3036 365 3116; x_wconf 66' lang='lat' dir='ltr'><strong>monetam,</strong></span> <span class='ocrx_word' id='word_1_219' title='bbox 381 3035 457 3100; x_wconf 74' lang='lat' dir='ltr'><strong>taso</strong></span> <span class='ocrx_word' id='word_1_220' title='bbox 472 3035 756 3124; x_wconf 78' lang='lat' dir='ltr'><strong>deeeptojurorem</strong></span> <span class='ocrx_word' id='word_1_221' title='bbox 768 3038 955 3124; x_wconf 74' lang='lat' dir='ltr'><strong>propinavit</strong></span> <span class='ocrx_word' id='word_1_222' title='bbox 967 3060 1026 3123; x_wconf 81' lang='lat' dir='ltr'><strong>pro</strong></span> <span class='ocrx_word' id='word_1_223' title='bbox 1038 3039 1156 3101; x_wconf 77' lang='lat' dir='ltr'><strong>amoris</strong></span> <span class='ocrx_word' id='word_1_224' title='bbox 1163 3061 1219 3122; x_wconf 83' lang='lat' dir='ltr'><strong>po·</strong></span> 
     </span>
     <span class='ocr_line' id='line_1_27' title="bbox 114 3137 1218 3222; baseline 0 -20"><span class='ocrx_word' id='word_1_225' title='bbox 114 3138 179 3202; x_wconf 80' lang='lat' dir='ltr'><strong>calo</strong></span> <span class='ocrx_word' id='word_1_226' title='bbox 194 3186 201 3201; x_wconf 94' lang='lat'><em>.</em></span> <span class='ocrx_word' id='word_1_227' title='bbox 218 3138 339 3219; x_wconf 82' lang='lat' dir='ltr'><strong>cmc&#39;ca,</strong></span> <span class='ocrx_word' id='word_1_228' title='bbox 355 3139 526 3203; x_wconf 76' lang='lat' dir='ltr'><strong>coatras-iis</strong></span> <span class='ocrx_word' id='word_1_229' title='bbox 541 3137 764 3204; x_wconf 74' lang='lat' dir='ltr'><strong>comoedorum</strong></span> <span class='ocrx_word' id='word_1_230' title='bbox 777 3141 856 3205; x_wconf 80' lang='lat' dir='ltr'><strong>uotis</strong></span> <span class='ocrx_word' id='word_1_231' title='bbox 871 3141 971 3222; x_wconf 62' lang='lat' dir='ltr'><strong>citae,</strong></span> <span class='ocrx_word' id='word_1_232' title='bbox 988 3152 1101 3204; x_wconf 82' lang='lat' dir='ltr'><strong>neutra</strong></span> <span class='ocrx_word' id='word_1_233' title='bbox 1116 3153 1218 3203; x_wconf 85' lang='lat' dir='ltr'><strong>lamen</strong></span> 
     </span>
     <span class='ocr_line' id='line_1_28' title="bbox 114 3237 1218 3328; baseline 0.004 -27"><span class='ocrx_word' id='word_1_234' title='bbox 114 3237 306 3324; x_wconf 62' lang='lat' dir='ltr'><strong>dffrouduto</strong></span> <span class='ocrx_word' id='word_1_235' title='bbox 322 3251 367 3303; x_wconf 88' lang='lat' dir='ltr'><strong>est</strong></span> <span class='ocrx_word' id='word_1_236' title='bbox 370 3239 442 3325; x_wconf 83' lang='lat' dir='ltr'><strong>fine</strong></span> <span class='ocrx_word' id='word_1_237' title='bbox 447 3239 587 3326; x_wconf 79' lang='lat' dir='ltr'><strong>fraudis</strong></span> <span class='ocrx_word' id='word_1_238' title='bbox 592 3240 756 3326; x_wconf 79' lang='lat' dir='ltr'><strong>faras&#39;neoe</strong></span> <span class='ocrx_word' id='word_1_239' title='bbox 772 3255 800 3307; x_wconf 85' lang='lat' dir='ltr'><strong>et</strong></span> <span class='ocrx_word' id='word_1_240' title='bbox 811 3244 943 3328; x_wconf 81' lang='lat' dir='ltr'><strong>proprio</strong></span> <span class='ocrx_word' id='word_1_241' title='bbox 955 3243 1074 3307; x_wconf 82' lang='lat' dir='ltr'><strong>scils&#39;cet</strong></span> <span class='ocrx_word' id='word_1_242' title='bbox 1085 3241 1218 3306; x_wconf 85' lang='lat' dir='ltr'><strong>domno.</strong></span> 
     </span>
    </p>

    <p class='ocr_par' dir='ltr' id='par_1_4' title="bbox 193 3341 1083 3428">
     <span class='ocr_line' id='line_1_29' title="bbox 193 3341 1083 3428; baseline 0.003 -22"><span class='ocrx_word' id='word_1_243' title='bbox 193 3341 268 3406; x_wconf 82' lang='lat'><strong>931.</strong></span> <span class='ocrx_word' id='word_1_244' title='bbox 302 3361 404 3411; x_wconf 89' lang='lat' dir='ltr'><strong>ouon</strong></span> <span class='ocrx_word' id='word_1_245' title='bbox 427 3342 619 3408; x_wconf 77' lang='lat' dir='ltr'><strong>usors.1n</strong></span> <span class='ocrx_word' id='word_1_246' title='bbox 642 3343 725 3409; x_wconf 87' lang='lat' dir='ltr'><strong>libro</strong></span> <span class='ocrx_word' id='word_1_247' title='bbox 749 3345 898 3428; x_wconf 89' lang='lat' dir='ltr'><strong>quart06</strong></span> <span class='ocrx_word' id='word_1_248' title='bbox 919 3365 1083 3409; x_wconf 81' lang='lat' dir='ltr'><strong>usosrs.</strong></span> 
     </span>
    </p>

    <p class='ocr_par' dir='ltr' id='par_1_5' title="bbox 194 3443 1066 3531">
     <span class='ocr_line' id='line_1_30' title="bbox 194 3443 1066 3531; baseline 0.002 -22"><span class='ocrx_word' id='word_1_249' title='bbox 194 3443 269 3510; x_wconf 89' lang='grc'><strong>932.</strong></span> <span class='ocrx_word' id='word_1_250' title='bbox 306 3465 526 3508; x_wconf 84' lang='lat' dir='ltr'><strong>nxsonvnan</strong></span> <span class='ocrx_word' id='word_1_251' title='bbox 548 3465 697 3509; x_wconf 83' lang='lat' dir='ltr'><strong>nosco.</strong></span> <span class='ocrx_word' id='word_1_252' title='bbox 719 3446 757 3512; x_wconf 93' lang='lat' dir='ltr'><strong>In</strong></span> <span class='ocrx_word' id='word_1_253' title='bbox 781 3453 896 3531; x_wconf 90' lang='lat' dir='ltr'><strong>quarto</strong></span> <span class='ocrx_word' id='word_1_254' title='bbox 917 3468 1066 3512; x_wconf 81' lang='lat' dir='ltr'><strong>rnnoo.</strong></span> 
     </span>
    </p>

    <p class='ocr_par' dir='ltr' id='par_1_6' title="bbox 113 3545 1223 4658">
     <span class='ocr_line' id='line_1_31' title="bbox 194 3545 1218 3616; baseline 0.002 -3"><span class='ocrx_word' id='word_1_255' title='bbox 194 3545 267 3613; x_wconf 88' lang='grc'><strong>942.</strong></span> <span class='ocrx_word' id='word_1_256' title='bbox 291 3545 364 3611; x_wconf 87' lang='lat' dir='ltr'><strong>Snn</strong></span> <span class='ocrx_word' id='word_1_257' title='bbox 388 3566 521 3612; x_wconf 79' lang='lat' dir='ltr'><strong>nonnus</strong></span> <span class='ocrx_word' id='word_1_258' title='bbox 544 3569 630 3611; x_wconf 84' lang='lat' dir='ltr'><strong>nsnn</strong></span> <span class='ocrx_word' id='word_1_259' title='bbox 652 3569 770 3613; x_wconf 84' lang='lat' dir='ltr'><strong>rscno</strong></span> <span class='ocrx_word' id='word_1_260' title='bbox 793 3571 991 3615; x_wconf 83' lang='lat' dir='ltr'><strong>nncnnnns</strong></span> <span class='ocrx_word' id='word_1_261' title='bbox 1016 3572 1218 3616; x_wconf 83' lang='lat' dir='ltr'><strong>vnnnsosn.</strong></span> 
     </span>
     <span class='ocr_line' id='line_1_32' title="bbox 113 3648 1219 3740; baseline 0.005 -28"><span class='ocrx_word' id='word_1_262' title='bbox 113 3648 148 3713; x_wconf 93' lang='lat' dir='ltr'><strong>In</strong></span> <span class='ocrx_word' id='word_1_263' title='bbox 162 3649 245 3715; x_wconf 92' lang='lat' dir='ltr'><strong>libro</strong></span> <span class='ocrx_word' id='word_1_264' title='bbox 261 3655 376 3732; x_wconf 89' lang='lat' dir='ltr'><strong>quarto</strong></span> <span class='ocrx_word' id='word_1_265' title='bbox 393 3650 455 3714; x_wconf 83' lang='lat' dir='ltr'><strong>toli</strong></span> <span class='ocrx_word' id='word_1_266' title='bbox 465 3664 586 3734; x_wconf 72' lang='lat' dir='ltr'><strong>aloem,</strong></span> <span class='ocrx_word' id='word_1_267' title='bbox 603 3671 643 3717; x_wconf 83' lang='lat' dir='ltr'><strong>ex</strong></span> <span class='ocrx_word' id='word_1_268' title='bbox 659 3671 723 3735; x_wconf 90' lang='lat' dir='ltr'><strong>quo</strong></span> <span class='ocrx_word' id='word_1_269' title='bbox 739 3653 888 3736; x_wconf 89' lang='lat' dir='ltr'><strong>quadrati</strong></span> <span class='ocrx_word' id='word_1_270' title='bbox 905 3655 975 3739; x_wconf 89' lang='lat' dir='ltr'><strong>ipse</strong></span> <span class='ocrx_word' id='word_1_271' title='bbox 987 3653 1106 3740; x_wconf 91' lang='lat' dir='ltr'><strong>primus</strong></span> <span class='ocrx_word' id='word_1_272' title='bbox 1122 3655 1219 3740; x_wconf 90' lang='lat' dir='ltr'><strong>scrip-</strong></span> 
     </span>
     <span class='ocr_line' id='line_1_33' title="bbox 114 3751 1218 3835; baseline 0.006 -21"><span class='ocrx_word' id='word_1_273' title='bbox 114 3757 159 3816; x_wconf 89' lang='lat' dir='ltr'><strong>tor</strong></span> <span class='ocrx_word' id='word_1_274' title='bbox 181 3751 257 3818; x_wconf 90' lang='lat' dir='ltr'><strong>leoit</strong></span> <span class='ocrx_word' id='word_1_275' title='bbox 278 3751 470 3835; x_wconf 90' lang='lat' dir='ltr'><strong>corrigendo</strong></span> <span class='ocrx_word' id='word_1_276' title='bbox 493 3754 555 3818; x_wconf 80' lang='lat' dir='ltr'><strong>toli</strong></span> <span class='ocrx_word' id='word_1_277' title='bbox 573 3767 690 3819; x_wconf 71' lang='lat' dir='ltr'><strong>olmeto</strong></span> <span class='ocrx_word' id='word_1_278' title='bbox 706 3807 713 3822; x_wconf 93' lang='lat'>.</span> <span class='ocrx_word' id='word_1_279' title='bbox 730 3753 792 3821; x_wconf 90' lang='lat' dir='ltr'><strong>hoc</strong></span> <span class='ocrx_word' id='word_1_280' title='bbox 806 3755 981 3821; x_wconf 89' lang='lat' dir='ltr'><strong>absurdum</strong></span> <span class='ocrx_word' id='word_1_281' title='bbox 1004 3763 1073 3822; x_wconf 87' lang='lat' dir='ltr'><strong>est:</strong></span> <span class='ocrx_word' id='word_1_282' title='bbox 1097 3763 1218 3822; x_wconf 86' lang='lat' dir='ltr'><strong>attactu</strong></span> 
     </span>
     <span class='ocr_line' id='line_1_34' title="bbox 114 3855 1219 3943; baseline 0.008 -27"><span class='ocrx_word' id='word_1_283' title='bbox 114 3855 215 3920; x_wconf 82' lang='lat' dir='ltr'><strong>tuellis</strong></span> <span class='ocrx_word' id='word_1_284' title='bbox 237 3874 302 3919; x_wconf 91' lang='lat' dir='ltr'><strong>non</strong></span> <span class='ocrx_word' id='word_1_285' title='bbox 326 3855 528 3922; x_wconf 87' lang='lat' dir='ltr'><strong>convalescet</strong></span> <span class='ocrx_word' id='word_1_286' title='bbox 549 3875 648 3941; x_wconf 90' lang='lat' dir='ltr'><strong>puer,</strong></span> <span class='ocrx_word' id='word_1_287' title='bbox 665 3856 723 3923; x_wconf 87' lang='lat' dir='ltr'><strong>sed</strong></span> <span class='ocrx_word' id='word_1_288' title='bbox 739 3857 890 3923; x_wconf 89' lang='lat' dir='ltr'><strong>absinthii</strong></span> <span class='ocrx_word' id='word_1_289' title='bbox 914 3859 1066 3943; x_wconf 89' lang='lat' dir='ltr'><strong>potione,</strong></span> <span class='ocrx_word' id='word_1_290' title='bbox 1081 3860 1151 3925; x_wconf 86' lang='lat' dir='ltr'><strong>sive</strong></span> <span class='ocrx_word' id='word_1_291' title='bbox 1173 3881 1219 3925; x_wconf 87' lang='lat' dir='ltr'><strong>er·</strong></span> 
     </span>
     <span class='ocr_line' id='line_1_35' title="bbox 114 3957 1220 4047; baseline 0.009 -30"><span class='ocrx_word' id='word_1_292' title='bbox 114 3974 202 4036; x_wconf 79' lang='lat' dir='ltr'><strong>rore,</strong></span> <span class='ocrx_word' id='word_1_293' title='bbox 225 3961 261 4022; x_wconf 86' lang='lat' dir='ltr'><strong>ut</strong></span> <span class='ocrx_word' id='word_1_294' title='bbox 282 3957 404 4041; x_wconf 82' lang='lat' dir='ltr'><strong>placuit</strong></span> <span class='ocrx_word' id='word_1_295' title='bbox 425 3959 549 4042; x_wconf 78' lang='lat' dir='ltr'><strong>Tacen,</strong></span> <span class='ocrx_word' id='word_1_296' title='bbox 572 3958 616 4024; x_wconf 82' lang='lat' dir='ltr'><strong>du</strong></span> <span class='ocrx_word' id='word_1_297' title='bbox 633 3959 793 4047; x_wconf 60' lang='lat' dir='ltr'><strong>dispenso</strong></span> <span class='ocrx_word' id='word_1_298' title='bbox 809 3983 865 4026; x_wconf 85' lang='lat' dir='ltr'><strong>sno</strong></span> <span class='ocrx_word' id='word_1_299' title='bbox 881 4009 889 4024; x_wconf 91' lang='lat'><strong>.</strong></span> <span class='ocrx_word' id='word_1_300' title='bbox 905 3963 967 4026; x_wconf 81' lang='lat' dir='ltr'><strong>sali</strong></span> <span class='ocrx_word' id='word_1_301' title='bbox 974 3962 1063 4046; x_wconf 75' lang='lat' dir='ltr'><strong>facto</strong></span> <span class='ocrx_word' id='word_1_302' title='bbox 1078 3977 1220 4028; x_wconf 83' lang='lat' dir='ltr'><strong>recreato</strong></span> 
     </span>
     <span class='ocr_line' id='line_1_36' title="bbox 113 4059 1219 4148; baseline 0.007 -26"><span class='ocrx_word' id='word_1_303' title='bbox 113 4059 239 4140; x_wconf 88' lang='lat' dir='ltr'><strong>probari</strong></span> <span class='ocrx_word' id='word_1_304' title='bbox 255 4066 386 4144; x_wconf 90' lang='lat' dir='ltr'><strong>posset,</strong></span> <span class='ocrx_word' id='word_1_305' title='bbox 402 4061 430 4125; x_wconf 93' lang='lat' dir='ltr'><strong>si</strong></span> <span class='ocrx_word' id='word_1_306' title='bbox 447 4059 497 4126; x_wconf 91' lang='lat' dir='ltr'><strong>hic</strong></span> <span class='ocrx_word' id='word_1_307' title='bbox 512 4060 622 4128; x_wconf 87' lang='lat' dir='ltr'><strong>Ovidii</strong></span> <span class='ocrx_word' id='word_1_308' title='bbox 639 4079 752 4127; x_wconf 87' lang='lat' dir='ltr'><strong>versus</strong></span> <span class='ocrx_word' id='word_1_309' title='bbox 774 4070 879 4142; x_wconf 88' lang='lat' dir='ltr'><strong>esset,</strong></span> <span class='ocrx_word' id='word_1_310' title='bbox 903 4064 958 4147; x_wconf 93' lang='lat' dir='ltr'><strong>qui</strong></span> <span class='ocrx_word' id='word_1_311' title='bbox 981 4064 1108 4148; x_wconf 88' lang='lat' dir='ltr'><strong>scripsit</strong></span> <span class='ocrx_word' id='word_1_312' title='bbox 1123 4064 1154 4128; x_wconf 90' lang='lat' dir='ltr'><strong>in</strong></span> <span class='ocrx_word' id='word_1_313' title='bbox 1172 4083 1219 4130; x_wconf 88' lang='lat' dir='ltr'><strong>re-</strong></span> 
     </span>
     <span class='ocr_line' id='line_1_37' title="bbox 113 4162 1218 4252; baseline 0.008 -29"><span class='ocrx_word' id='word_1_314' title='bbox 113 4162 223 4228; x_wconf 81' lang='lat' dir='ltr'><strong>mediis</strong></span> <span class='ocrx_word' id='word_1_315' title='bbox 244 4163 439 4230; x_wconf 77' lang='lat' dir='ltr'><strong>amorisllti</strong></span> <span class='ocrx_word' id='word_1_316' title='bbox 460 4163 553 4242; x_wconf 77' lang='lat' dir='ltr'><strong>Quod</strong></span> <span class='ocrx_word' id='word_1_317' title='bbox 574 4165 676 4250; x_wconf 68' lang='lat' dir='ltr'><strong>siquos</strong></span> <span class='ocrx_word' id='word_1_318' title='bbox 698 4179 834 4230; x_wconf 85' lang='lat' dir='ltr'><strong>uestrum</strong></span> <span class='ocrx_word' id='word_1_319' title='bbox 846 4167 974 4252; x_wconf 83' lang='lat' dir='ltr'><strong>factam</strong></span> <span class='ocrx_word' id='word_1_320' title='bbox 997 4168 1052 4231; x_wconf 78' lang='lat' dir='ltr'><strong>doc</strong></span> <span class='ocrx_word' id='word_1_321' title='bbox 1075 4169 1199 4232; x_wconf 77' lang='lat' dir='ltr'><strong>tineusot</strong></span> <span class='ocrx_word' id='word_1_322' title='bbox 1210 4218 1218 4250; x_wconf 91' lang='lat'><em>,</em></span> 
     </span>
     <span class='ocr_line' id='line_1_38' title="bbox 115 4264 1223 4357; baseline 0.006 -31"><span class='ocrx_word' id='word_1_323' title='bbox 115 4264 227 4328; x_wconf 74' lang='lat' dir='ltr'><strong>Aelius·</strong></span> <span class='ocrx_word' id='word_1_324' title='bbox 235 4290 246 4348; x_wconf 83' lang='lat'><strong>,·</strong></span> <span class='ocrx_word' id='word_1_325' title='bbox 261 4265 383 4330; x_wconf 88' lang='lat' dir='ltr'><strong>scilicet</strong></span> <span class='ocrx_word' id='word_1_326' title='bbox 398 4285 462 4330; x_wconf 93' lang='lat' dir='ltr'><strong>non</strong></span> <span class='ocrx_word' id='word_1_327' title='bbox 477 4273 637 4344; x_wconf 82' lang='lat' dir='ltr'><strong>vestrum,</strong></span> <span class='ocrx_word' id='word_1_328' title='bbox 653 4267 711 4332; x_wconf 91' lang='lat' dir='ltr'><strong>sed</strong></span> <span class='ocrx_word' id='word_1_329' title='bbox 727 4287 832 4333; x_wconf 93' lang='lat' dir='ltr'><strong>menm</strong></span> <span class='ocrx_word' id='word_1_330' title='bbox 846 4317 853 4333; x_wconf 92' lang='lat'><strong>.</strong></span> <span class='ocrx_word' id='word_1_331' title='bbox 866 4274 901 4334; x_wconf 93' lang='lat' dir='ltr'><strong>at</strong></span> <span class='ocrx_word' id='word_1_332' title='bbox 915 4270 1077 4336; x_wconf 82' lang='lat' dir='ltr'><strong>veteribus</strong></span> <span class='ocrx_word' id='word_1_333' title='bbox 1093 4271 1223 4357; x_wconf 78' lang='lat' dir='ltr'><strong>infacta·</strong></span> 
     </span>
     <span class='ocr_line' id='line_1_39' title="bbox 115 4367 1218 4454; baseline 0.008 -27"><span class='ocrx_word' id='word_1_334' title='bbox 115 4367 268 4432; x_wconf 84' lang='lat' dir='ltr'><strong>vocabulo</strong></span> <span class='ocrx_word' id='word_1_335' title='bbox 295 4367 451 4450; x_wconf 80' lang='lat' dir='ltr'><strong>singulari</strong></span> <span class='ocrx_word' id='word_1_336' title='bbox 480 4387 613 4434; x_wconf 89' lang='lat' dir='ltr'><strong>numero</strong></span> <span class='ocrx_word' id='word_1_337' title='bbox 636 4369 742 4454; x_wconf 91' lang='lat' dir='ltr'><strong>posito</strong></span> <span class='ocrx_word' id='word_1_338' title='bbox 765 4371 886 4436; x_wconf 90' lang='lat' dir='ltr'><strong>nullam</strong></span> <span class='ocrx_word' id='word_1_339' title='bbox 909 4371 1043 4437; x_wconf 90' lang='lat' dir='ltr'><strong>subiecti</strong></span> <span class='ocrx_word' id='word_1_340' title='bbox 1067 4373 1218 4437; x_wconf 84' lang='lat' dir='ltr'><strong>variatio·</strong></span> 
     </span>
     <span class='ocr_line' id='line_1_40' title="bbox 116 4467 1218 4556; baseline 0.01 -28"><span class='ocrx_word' id='word_1_341' title='bbox 116 4485 185 4530; x_wconf 93' lang='lat' dir='ltr'><strong>nem</strong></span> <span class='ocrx_word' id='word_1_342' title='bbox 205 4467 374 4534; x_wconf 86' lang='lat' dir='ltr'><strong>admittere</strong></span> <span class='ocrx_word' id='word_1_343' title='bbox 395 4469 536 4554; x_wconf 86' lang='lat' dir='ltr'><strong>placuit.</strong></span> <span class='ocrx_word' id='word_1_344' title='bbox 553 4471 661 4554; x_wconf 90' lang='lat' dir='ltr'><strong>itaque</strong></span> <span class='ocrx_word' id='word_1_345' title='bbox 677 4471 811 4540; x_wconf 89' lang='lat' dir='ltr'><strong>Plautus</strong></span> <span class='ocrx_word' id='word_1_346' title='bbox 827 4475 896 4541; x_wconf 82' lang='lat' dir='ltr'><strong>sine</strong></span> <span class='ocrx_word' id='word_1_347' title='bbox 919 4475 986 4539; x_wconf 88' lang='lat' dir='ltr'><strong>nlla</strong></span> <span class='ocrx_word' id='word_1_348' title='bbox 1008 4474 1218 4556; x_wconf 88' lang='lat' dir='ltr'><strong>ambiguitate</strong></span> 
     </span>
     <span class='ocr_line' id='line_1_41' title="bbox 116 4569 1218 4658; baseline 0.009 -26"><span class='ocrx_word' id='word_1_349' title='bbox 116 4569 237 4654; x_wconf 81' lang='lat' dir='ltr'><strong>scripsit</strong></span> <span class='ocrx_word' id='word_1_350' title='bbox 248 4573 281 4636; x_wconf 88' lang='lat' dir='ltr'><strong>in</strong></span> <span class='ocrx_word' id='word_1_351' title='bbox 293 4571 429 4656; x_wconf 82' lang='lat' dir='ltr'><strong>Epidico</strong></span> <span class='ocrx_word' id='word_1_352' title='bbox 441 4594 461 4650; x_wconf 88' lang='lat'><strong>1,</strong></span> <span class='ocrx_word' id='word_1_353' title='bbox 474 4572 504 4656; x_wconf 80' lang='grc'><strong>2,</strong></span> <span class='ocrx_word' id='word_1_354' title='bbox 517 4573 537 4638; x_wconf 93' lang='grc'><strong>6</strong></span> <span class='ocrx_word' id='word_1_355' title='bbox 560 4574 627 4652; x_wconf 78' lang='lat' dir='ltr'><strong>Qui</strong></span> <span class='ocrx_word' id='word_1_356' title='bbox 639 4574 799 4658; x_wconf 80' lang='lat' dir='ltr'><strong>incident,</strong></span> <span class='ocrx_word' id='word_1_357' title='bbox 818 4579 919 4642; x_wconf 80' lang='lat' dir='ltr'><strong>omnis</strong></span> <span class='ocrx_word' id='word_1_358' title='bbox 932 4578 1075 4641; x_wconf 77' lang='lat' dir='ltr'><strong>inimicos</strong></span> <span class='ocrx_word' id='word_1_359' title='bbox 1085 4577 1133 4640; x_wconf 81' lang='lat' dir='ltr'><strong>mi</strong></span> <span class='ocrx_word' id='word_1_360' title='bbox 1141 4578 1218 4642; x_wconf 78' lang='lat' dir='ltr'><strong>istoc</strong></span> 
     </span>
    </p>
   </div>
   <div class='ocr_carea' id='block_1_4' title="bbox 0 0 1522 5150">
    <p class='ocr_par' dir='ltr' id='par_1_7' title="bbox 0 0 1522 5150">
     <span class='ocr_line' id='line_1_42' title="bbox 0 0 1522 5150; baseline 0 3"><span class='ocrx_word' id='word_1_361' title='bbox 0 0 1522 5150; x_wconf 95' lang='lat' dir='ltr'><strong> </strong></span> 
     </span>
    </p>
   </div>
  </div>
 </body>
</html>
