3020 5146
567 448 622 512 lIll

60 624 266 684 commutantur
286 618 331 682 ibi
353 619 519 703 positurae
541 619 787 703 principiorum3

59 741 85 795 ul
103 733 181 817 prius
201 735 243 798 ad
265 753 395 798 sensum
419 753 501 815 quae
523 753 658 818 corpora
681 733 916 800 conveniebant

61 868 128 911 nuuc
148 869 205 912 nou
228 848 440 932 conveniant,
457 854 490 914 et
510 853 618 913 cetera
640 848 704 914 siut
725 850 829 931 magis
852 855 947 934 apte,

39 983 127 1044 lonae
146 969 309 1048 penetrata
332 969 450 1046 queunt
472 981 602 1028 sensum
624 959 817 1048 progignere
839 965 1009 1030 acerbum.

39 1099 44 1144 r
93 1080 170 1144 Nune
190 1099 272 1163 age,
289 1099 351 1161 quo
375 1083 468 1161 paeto
492 1078 580 1142 uaris
602 1078 747 1144 adiectus
771 1079 878 1146 odoris

61 1198 149 1276 tanget
169 1213 261 1275 agam
276 1241 283 1257 .
300 1193 435 1278 primum
460 1211 511 1258 res
534 1193 650 1258 multas
673 1213 744 1258 esso
768 1201 929 1260 necessest

39 1307 128 1372 rrrnde
146 1308 241 1374 lluens
263 1308 372 1374 volvat
394 1307 501 1373 rarius
524 1327 559 1374 se
581 1308 694 1374 fluctus
717 1308 869 1391 odorum,

61 1429 83 1484 et
100 1421 183 1488 fluere
205 1429 236 1487 et
258 1423 338 1487 mitti
362 1423 456 1504 volgo
479 1424 654 1506 spargique
677 1423 904 1507 putandumst:

60 1555 145 1600 rerum
165 1537 233 1601 eliis
256 1537 341 1602 alius
362 1537 467 1618 magis
491 1545 540 1604 est
561 1540 777 1604 animantibus
799 1543 913 1622 aptus,

60 1650 195 1716 dissimilis
217 1659 348 1736 propter
370 1650 511 1716 tonnas.
529 1652 665 1736 ideoque
688 1672 746 1738 per
768 1671 863 1717 auras

60 1765 142 1830 mellis
161 1785 236 1851 apes
260 1766 408 1848 quamvis
429 1767 525 1850 longe
549 1767 705 1833 ducuntur
720 1767 847 1849 odore,

39 1880 219 1962 »volturiique
241 1879 476 1946 cadaveribus:
492 1887 557 1945 tum
579 1880 657 1947 lissa
678 1881 815 1946 serarum

60 1995 156 2076 ungula
176 2015 236 2078 quo
259 1995 369 2060 tulerit
390 2015 533 2077 grossum
557 1995 714 2080 permissa
737 2017 851 2062 canum
875 1997 926 2061 vis

62 2106 133 2192 licit,
148 2115 176 2174 et
196 2110 372 2176 humanum
395 2111 491 2192 longe
513 2110 690 2194 praesentit
712 2109 842 2177 odorem

68 2221 274 2290 Romulidarum
299 2224 381 2290 areis
405 2231 568 2300 servator,
588 2223 743 2290 candidus
764 2240 877 2291 anser.

67 2333 99 2397 sio
113 2337 171 2402 diis
191 2339 275 2404 alius
298 2338 391 2404 nidor
413 2339 505 2406 datus
528 2339 569 2404 ad
592 2359 652 2405 sua
676 2359 834 2422 quemque

39 2450 156 2530 spatula
175 2453 260 2519 ducit
285 2472 303 2518 e
327 2473 347 2517 a
369 2459 449 2518 tetro
471 2455 594 2520 resilire
617 2473 741 2520 veneno

63 2565 141 2646 cogit,
155 2585 254 2650 eoque
277 2567 374 2634 modo
398 2575 566 2636 servantur
588 2570 698 2634 saecla
720 2569 878 2634 serarum.

91 2681 137 2746 llic
156 2683 232 2746 odor
253 2683 326 2767 ipse
349 2683 465 2768 igitur,
482 2685 567 2752 naris
590 2685 643 2766 qui
667 2705 802 2768 cumque
825 2685 973 2760 lacessit,

60 2807 95 2860 est
112 2800 168 2868 alio
189 2809 223 2868 ut
243 2800 348 2887 possit
368 2799 506 2885 permitti
529 2800 655 2885 longius
678 2800 779 2866 alter:

60 2913 102 2974 scd
120 2920 218 2982 tamen
239 2915 329 2981 hand
352 2915 519 2996 quisquam
542 2919 609 2980 tam
632 2909 726 2997 longe
749 2913 849 2978 lertnr
871 2933 979 2979 eorum

39 3041 136 3104 »quam
156 3032 296 3114 sonitus,
314 3049 410 3112 quam
433 3049 495 3092 vox
509 3077 517 3112 ,
533 3029 619 3094 mitto
643 3029 707 3094 iam
730 3029 834 3093 dicere
857 3039 953 3110 cluam
975 3045 1027 3092 res

60 3158 125 3220 quae
145 3145 260 3212 leriunt
283 3145 448 3222 oculorum
472 3142 558 3208 acies
581 3143 746 3225 visumque
768 3143 949 3208 lacessunt.

60 3258 233 3325 enabnndus
255 3259 342 3325 enim
364 3257 454 3323 tarde
477 3257 582 3340 venit,
600 3277 639 3321 ao
661 3258 743 3341 perit
764 3265 839 3322 ante

58 3370 189 3449 paulatim
211 3373 318 3438 facilis
340 3373 510 3439 distraetus
532 3373 565 3436 in
588 3372 671 3438 atris
695 3392 811 3456 auras3

58 3499 87 3544 er
105 3485 160 3551 allo
182 3489 318 3572 primum
342 3487 417 3570 qnia
439 3487 491 3552 vix
515 3487 666 3553 emittitur
688 3505 729 3552 cx
750 3508 805 3552 re:

39 3613 116 3660 ·uan
136 3603 260 3684 penitus
282 3601 381 3668 flucre
403 3607 499 3684 atque
521 3601 670 3667 recedere
694 3601 788 3666 rebus
811 3601 926 3667 odores
1021 3629 1026 3650 ·

59 3708 193 3789 signifieat
214 3717 303 3800 quod
325 3715 430 3783 tracta
452 3717 555 3799 tnagis
578 3715 726 3782 redolere
745 3716 892 3782 videntur

59 3827 163 3912 onnia,
178 3831 264 3913 qnod
286 3830 440 3912 contrita,
458 3829 544 3912 quod
566 3831 631 3914 igni
655 3830 898 3896 conlabefacta:

59 3933 154 4008 deinde
174 3944 283 4010 videre
307 3945 382 4010 licet
403 3945 579 4012 maioribus
603 3963 673 4010 esse
696 3949 836 4010 creatum

59 4051 198 4140 principiis
220 4079 316 4141 qnam
337 4079 420 4143 vox,
438 4058 588 4142 quoniam
610 4079 667 4142 per
689 4076 790 4124 saxea
812 4063 925 4141 saepta

60 4213 236 4230 Ἂ-

62 4317 100 4362 tls
117 4319 153 4370 Fit
172 4323 185 4390 ll
206 4327 254 4374 sel
274 4325 340 4374 nlius
358 4335 384 4376 et
408 4323 422 4393 ll
447 4329 497 4375 680
517 4323 668 4387 Volturiquc
690 4321 702 4392 ll
723 4329 770 4376 681
791 4326 915 4390 promisse
935 4323 947 4394 Η
974 4327 1023 4376 682
1043 4325 1122 4374 Ducit
1142 4321 1156 4390 ΙΙ

61 4403 99 4450 tls
116 4409 225 4460 redolore
245 4408 257 4476 ΙΙ
278 4415 329 4462 698
348 4421 475 4462 ereetum.
