2996 5148
306 375 328 436 4
785 391 938 436 ancnssro
1489 403 1490 460 p

1489 471 1490 494 r

375 543 464 608 llaec
480 544 588 608 omnia
602 544 649 608 itu
663 549 698 607 ut
713 543 781 608 dini
797 543 898 609 fuisse
913 543 1080 626 intelleget
1094 544 1288 628 quicumque
1303 544 1405 609 horum

308 646 607 712 commentariorum
630 645 772 728 aliquam
789 651 913 730 partem
931 648 1196 730 pertractaverit.
1213 667 1345 730 quarum
1365 667 1407 712 re·
1489 633 1490 682 l

307 769 378 814 rum
402 749 544 813 maxima
565 768 642 833 pars
664 769 682 814 e
706 749 807 832 copiis
830 749 871 814 ab
895 749 1119 833 havercampo
1147 756 1180 814 et
1205 751 1319 816 ceteris
1345 769 1408 814 cum

307 872 431 916 summa
446 849 557 916 iudicii
574 851 789 916 imbecillitate
801 851 925 916 collatis
938 871 1009 916 cum
1020 851 1098 916 mihi
1110 871 1168 916 sex
1180 851 1249 916 fere
1260 852 1407 918 mensium

308 975 367 1019 usu
384 953 598 1036 constitisset,
622 959 729 1018 cetera
746 955 889 1038 (praeter
903 973 1069 1019 numerum
1085 955 1298 1038 paginarum,
1323 974 1409 1037 quem
1489 961 1490 1048 l

309 1077 412 1142 nuper
428 1055 584 1136 subduxi)
607 1074 644 1119 eo
661 1055 732 1139 ipso
749 1075 853 1140 paene
868 1062 1027 1120 momento
1043 1061 1216 1141 patuerunt
1238 1077 1301 1140 quo
1323 1076 1409 1121 mem·

309 1161 431 1225 branae
453 1157 632 1223 Vossianec
655 1177 676 1221 a
698 1179 748 1224 me
772 1159 876 1224 excuti
900 1165 1033 1242 coeptae
1057 1165 1150 1241 sunt,
1181 1179 1292 1224 mense
1315 1159 1409 1243 Aprili
1489 1189 1490 1272 p

308 1263 384 1327 anni
411 1281 613 1342 nocccxnvr,
642 1279 712 1325 cum
741 1262 862 1344 insigni
892 1261 1115 1326 benevolentia
1141 1279 1181 1324 ac
1209 1259 1323 1327 favore
1347 1261 1410 1325 illn-
1489 1279 1490 1356 p

309 1365 420 1430 strium
441 1363 630 1430 academiae
649 1363 820 1429 Leidensis
841 1371 1042 1456 curatorum,
1063 1382 1144 1446 quos
1166 1363 1279 1430 Iacobi
1294 1363 1410 1444 Geelii,
1489 1365 1490 1380 ¹

309 1467 447 1532 hominis
463 1466 575 1552 optimi
591 1465 731 1549 mihique
747 1485 811 1530 non
828 1472 958 1551 propter
973 1465 1185 1532 eruditionem
1205 1466 1310 1532 solam
1332 1467 1409 1546 cari,

310 1569 443 1635 consilio
461 1588 537 1634 usos
553 1589 624 1635 esse
640 1569 806 1654 suspicor,
828 1569 862 1633 in
877 1567 961 1632 hanc
976 1569 1088 1634 urbem
1103 1575 1211 1634 essent
1225 1569 1410 1634 tramissae.

309 1672 405 1758 paulo
434 1679 509 1738 ante
539 1672 573 1737 id
600 1679 726 1758 tempus
755 1671 819 1736 duo
853 1671 1077 1736 adulescentes
1109 1671 1230 1755 optime
1264 1671 1410 1753 instituti,

309 1775 403 1858 Hugo
427 1776 628 1840 Purmannus
653 1774 788 1840 Silesius
816 1779 847 1838 et
875 1773 1011 1839 lacobus
1041 1773 1238 1858 Bemaysius
1264 1773 1411 1840 Hambur·
1489 1815 1490 1818 =

310 1877 441 1962 gensis,
470 1878 524 1943 via
552 1897 591 1942 ac
612 1877 737 1942 ratione
760 1875 801 1941 ab
824 1875 967 1942 Iohanne
989 1876 1124 1941 Nicolao
1148 1875 1321 1960 bladrico,
1349 1877 1411 1940 viro

311 1980 548 2062 eruditissime,
564 1985 743 2045 monstrata
758 1979 801 2062 (is
817 1979 901 2044 enim
917 1977 1119 2044 emendando
1136 1979 1283 2044 Lucretio
1299 1979 1411 2063 primus
1489 2023 1490 2028 η

310 2090 412 2149 artem
427 2101 540 2148 sanam
552 2081 699 2147 adhibuit
713 2082 747 2146 in
759 2081 868 2147 libello
881 2079 1065 2146 academico
1080 2081 1226 2146 Hauniae
1238 2100 1324 2146 anno
1339 2081 1412 2146 1832

312 2187 470 2252 etiterum
492 2185 622 2250 biennio
642 2189 717 2268 post
735 2185 818 2249 inter
841 2183 998 2268 opuscula
1017 2183 1119 2266 edito)
1141 2183 1175 2246 in
1198 2181 1411 2268 expendendis
1489 2235 1490 2239 ,

310 2288 405 2354 huius
432 2289 591 2372 podmetis
620 2285 813 2352 emendandi
842 2285 1013 2370 praesidiis
1041 2304 1158 2368 magno
1185 2285 1294 2351 studio
1316 2304 1411 2370 neque
1489 2309 1490 2318 2

310 2389 480 2455 infeliciter
508 2389 757 2456 elaboraverunt
774 2436 782 2452 .
798 2387 911 2454 horum
934 2389 1134 2452 Purmannns
1156 2387 1408 2454 Lucretianamm
1489 2411 1490 2448 1

312 2493 537 2577 quaestionum
564 2493 726 2576 specimen
756 2491 973 2556 Vratislaviae
999 2511 1109 2556 mense
1133 2490 1251 2555 Martio
1274 2490 1409 2556 ciusdem
1489 2521 1490 2551 ;

311 2596 488 2662 anni184ti
511 2594 631 2678 edidit,
656 2594 854 2678 Bernaysius
877 2613 956 2660 suae
979 2593 1020 2659 de
1041 2591 1265 2658 emendatione
1281 2589 1407 2658 Lucretii
1489 2629 1490 2638 κ

311 2698 590 2782 commentationi,
621 2716 717 2782 quam
746 2695 927 2762 Fridericus
949 2695 1143 2762 Ritschelius
1171 2697 1205 2760 in
1231 2696 1409 2762 Rhenanam

312 2819 456 2866 museum
478 2800 677 2886 philologiae
699 2800 884 2866 ann0184'l
908 2800 1048 2884 recepit,
1072 2799 1261 2884 subscripsit
1282 2796 1409 2864 eundem
1489 2853 1490 2864 r

312 2903 402 2967 illurn
419 2902 564 2988 Aprilem
586 2903 662 2966 anni
681 2902 783 2968 1846.
807 2901 864 2968 sed
888 2922 997 2968 eorum
1021 2922 1141 2987 opera,
1164 2909 1199 2966 ut
1220 2899 1282 2966 fuit
1303 2901 1335 2965 in
1357 2899 1409 2962 hoc

311 3007 443 3089 negotio
460 3025 538 3070 sane
555 3003 762 3070 landabiliter
777 3006 902 3090 posita,
927 3007 972 3070 ita
986 3004 1085 3088 mihi,
1109 3011 1144 3068 ut
1158 3023 1268 3070 verum
1290 3003 1407 3082 dicam,
1489 3035 1490 3066 1

312 3109 355 3174 ad
383 3127 540 3174 summam
567 3107 611 3172 rei
640 3127 704 3173 non
727 3107 868 3192 profuit,
892 3109 1043 3191 quoniam
1067 3107 1113 3172 illi
1136 3107 1252 3191 partim
1273 3122 1408 3188 eaquae
1489 3140 1490 3148 κ

313 3212 389 3278 mihi
405 3210 575 3277 notissima
590 3217 682 3276 erant
696 3211 890 3293 attulerunt,
907 3211 995 3294 elia,
1011 3217 1047 3276 ut
1069 3209 1294 3274 adulescentes
1313 3224 1409 3290 neque

314 3314 394 3378 satis
417 3313 450 3377 in
473 3311 611 3377 Lucretii
635 3313 766 3396 ingenio
789 3312 1013 3395 cognoscendo
1037 3313 1179 3394 versati,
1202 3301 1258 3376 aut
1279 3312 1408 3394 praeter-

311 3415 468 3480 miserunt
497 3420 552 3479 aut
579 3414 671 3480 falsis
699 3415 852 3482 admixtis
881 3416 1162 3482 contaminarunt.
1179 3413 1237 3478 hos
1260 3413 1352 3496 igitur
1371 3407 1409 3472 de
1489 3463 1490 3488 ,

311 3517 504 3600 quibusnam
531 3516 627 3582 rebus
650 3525 734 3584 recte
756 3520 899 3585 sensisse
921 3517 1058 3584 iudicem
1083 3537 1123 3584 ex
1145 3535 1301 3582 consensu
1322 3510 1408 3578 facile
1489 3563 1490 3578 r

311 3619 534 3702 intellegetur:
551 3620 658 3685 omnia
680 3621 865 3704 singillatim
888 3641 1075 3704 recensere,
1098 3640 1140 3686 ne
1161 3619 1329 3686 lectoribus
1349 3633 1407 3679 mo·
1489 3655 1490 3664 κ

311 3723 405 3789 lestia
427 3729 577 3807 paretur,
601 3723 697 3788 nolo.
1489 3781 1490 3793 ,

378 3827 428 3892 De
449 3825 514 3890 illis
537 3831 643 3890 autern
666 3826 768 3893 trihus
792 3827 1011 3912 apographis,
1032 3826 1147 3910 quibus
1162 3823 1239 3890 inde
1253 3843 1274 3890 a
1288 3819 1405 3889 saeculo
1489 3883 1490 3896 ,

310 3950 395 3995 nono
424 3928 611 3994 memoriam
640 3930 823 3996 Lucretiani
855 3929 1005 3995 carminis
1035 3928 1077 3994 ad
1109 3933 1252 3993 nostram
1281 3929 1404 3991 aeuum
1489 3965 1490 4000 2

311 4037 523 4116 propagatam
547 4051 619 4097 esse
644 4032 731 4115 dixi,
756 4037 830 4097 ante
853 4033 962 4097 omnia
984 4029 1150 4097 sciendum
1173 4034 1222 4096 est
1243 4047 1338 4093 unum
1359 4025 1404 4088 ho·

310 4153 378 4198 rum
402 4153 440 4199 eo
463 4135 534 4219 ipso
557 4135 686 4200 sacculo
710 4153 750 4198 ex
773 4133 947 4218 archetypo
968 4133 1086 4199 tactim
1109 4149 1278 4218 superesse
1295 4181 1302 4194 .
1317 4131 1344 4194 is
1363 4129 1405 4188 est
1489 4167 1490 4200 2

311 4235 453 4302 codicum
477 4236 686 4302 Leidensium
712 4237 813 4320 alter,
843 4257 977 4302 numero
1004 4236 1207 4319 trigesimus,
1237 4253 1330 4318 quem
1350 4247 1404 4292 οῦ·

310 4359 463 4402 noanon
481 4337 575 4423 dieo,
600 4340 677 4422 quia
696 4358 737 4406 ea
752 4338 855 4404 forma
870 4347 919 4405 est
933 4358 1029 4424 quarn
1046 4337 1144 4421 vulgo
1159 4337 1287 4425 infolio
1300 4327 1407 4400 minori
1489 4395 1490 4400 ,

311 4441 420 4506 dicunt
435 4489 442 4506 .
460 4441 511 4506 hic
533 4441 619 4506 unde
641 4441 683 4506 ad
707 4444 852 4508 isaacum
876 4441 1024 4508 Vossium
1047 4442 1231 4527 pervenerit
1251 4441 1336 4522 (nam
1356 4449 1401 4518 pt·
1489 4479 1490 4486 κ

310 4551 357 4607 ter
380 4544 450 4609 eius
474 4543 557 4608 hunc
579 4563 643 4608 non
664 4542 797 4628 hahuit,
820 4543 877 4609 sed
893 4544 1043 4625 alterum)
1058 4543 1165 4609 dicere
1182 4563 1249 4608 non
1264 4555 1400 4627 possum,
