3020 5146
542 423 608 520 111'

19 624 219 710 quaerendum
243 627 388 693 videatur
409 633 443 692 et
464 627 499 692 in
521 626 690 693 discrimen
712 630 894 716 agendum,

22 749 109 803 ulmm
130 741 261 806 tandem
283 743 410 806 animae
431 747 588 808 venentur
609 745 733 809 semina
755 765 903 828 quaeque

21 853 242 920 vermiculorum
264 857 421 942 ipsaeque
444 857 505 922 sibi
529 856 725 924 fabricentur
747 860 800 925 nbi
824 861 907 944 sint,

22 989 57 1031 an
75 970 158 1049 quasi
181 971 369 1055 corporibus
391 971 541 1056 perfectis
563 972 782 1039 insinuentur.

24 1087 51 1145 at
68 1102 160 1164 neque
181 1104 239 1150 cur
260 1085 381 1151 faciant
401 1087 492 1170 ipsae
514 1107 656 1169 quareve
678 1089 825 1154 laborent

23 1195 109 1262 dicere
127 1197 313 1283 suppeditat
328 1247 336 1263 .
352 1220 456 1282 neque
478 1202 582 1280 enim,
600 1203 669 1269 sine
691 1223 824 1287 corpore
847 1225 918 1270 cum
939 1211 1032 1288 sunt,

23 1313 157 1378 sollicitae
180 1314 317 1378 volitant
337 1315 457 1380 morbis
480 1317 617 1400 alguque
639 1319 810 1400 famequez

21 1446 117 1510 eorpus
137 1428 220 1492 enim
245 1430 351 1513 magis
373 1429 422 1496 bis
444 1430 530 1497 vitiis
552 1431 659 1497 adfine
681 1432 826 1517 laborat,

23 1547 48 1604 et
66 1542 142 1606 mela
164 1542 266 1608 multa
288 1543 415 1610 animus
437 1545 616 1629 contagibu'
639 1547 780 1628 fungitur
803 1548 893 1614 eins.

23 1655 69 1721 sed
88 1663 184 1721 tamen
207 1656 262 1722 his
285 1663 353 1724 esto
377 1660 524 1742 quamvis
546 1635 651 1726 facere
674 1662 752 1726 utile
774 1681 911 1746 corpus,

20 1791 76 1835 cum
96 1771 245 1836 subeant:
264 1779 298 1836 at
320 1792 383 1854 qua
404 1773 528 1857 possint
549 1774 603 1840 via
625 1775 714 1839 nulla
736 1775 881 1842 ridetur.

21 1885 82 1948 baut
100 1886 189 1967 igitur
210 1886 336 1951 iaciunt
357 1887 485 1952 animae
508 1888 569 1953 sibi
591 1907 727 1973 corpora
750 1897 780 1954 et
803 1897 912 1955 artus.

22 2017 67 2063 nec
84 2005 182 2064 tamen
204 2005 256 2066 est
279 2005 313 2064 ut
335 1999 400 2066 iem
423 2003 574 2085 perfectis
594 2003 795 2068 insinuentur

26 2115 200 2196 corporibus:
217 2133 326 2198 neque
349 2116 432 2180 enim
455 2124 604 2200 poterunt
625 2119 783 2203 suptiliter·
805 2137 877 2185 esse

11 2245 141 2294 morenae
155 2279 163 2314 ,
179 2247 289 2313 neque
313 2249 487 2296 consensus
510 2232 660 2313 contagia
682 2232 775 2297 fient.

58 2341 181 2427 Denique
206 2364 267 2409 cur
288 2345 372 2410 acris
394 2345 549 2410 violentia
570 2346 660 2412 triste
683 2347 810 2411 leonum

24 2456 161 2524 seminium
183 2461 351 2544 sequitur,
367 2460 479 2544 volpes
502 2460 615 2544 dolus7
631 2467 664 2526 et
685 2459 764 2542 luga
786 2481 916 2546 ceruos,

23 2573 46 2631 ct
62 2569 113 2635 iam
133 2581 240 2640 cetera
262 2574 303 2639 de
325 2593 444 2659 genere
469 2575 530 2639 boc
551 2595 607 2640 eur
630 2576 738 2640 omnia
760 2577 910 2642 membris

23 2703 52 2746 ex
69 2685 183 2754 ineunte
205 2709 290 2755 aevo
313 2696 527 2772 generascunt
548 2691 762 2774 ingenioque,

22 2799 41 2862 si
59 2821 129 2886 uon,
144 2809 229 2868 certa
253 2823 313 2868 sno
337 2803 413 2885 quia
434 2803 556 2870 semine
578 2805 776 2887 seminioque

21 2915 57 2978 ris
74 2917 164 2982 animi
185 2918 309 3003 paritor
331 2919 445 2984 crescit
467 2939 537 2986 cum
561 2939 694 3002 corpore
714 2922 809 2984 toto?

21 3031 131 3108 quodsi
152 3032 332 3099 inmortalis
355 3033 438 3099 soret
460 3042 493 3098 et
515 3040 638 3099 mutare
662 3033 779 3099 soleret

22 3161 151 3229 corpora,
165 3148 332 3232 permixtis
354 3148 532 3214 animantes
555 3149 696 3214 moribus
718 3155 844 3231 essent,

22 3259 151 3340 effugeret
173 3263 264 3328 canis
286 3261 438 3346 Hyrcano
463 3260 504 3328 de
528 3263 650 3328 semine
673 3281 771 3347 saepe

22 3375 153 3460 cornigeri
175 3379 338 3443 incursum
360 3375 464 3460 cervi,
480 3382 692 3459 tremeretque
713 3395 770 3462 per
792 3398 889 3443 auras

21 3487 86 3553 stris
105 3491 254 3576 accipiter
276 3489 402 3576 fugiens
424 3491 571 3558 veniente
593 3490 762 3575 columba,

22 3597 179 3686 desiperent
200 3605 365 3690 homines,
382 3613 533 3691 saperent
556 3607 624 3672 iera
646 3607 754 3672 saecla
776 3604 936 3670 ferarum.

22 3711 82 3780 ilud
103 3720 184 3785 eninr
206 3721 290 3786 salsa
312 3720 412 3786 fertur
433 3721 577 3800 ratione,
594 3720 680 3803 quod
701 3721 793 3786 aiunt

22 3825 193 3900 inmortalem
216 3837 357 3902 animam
379 3843 498 3902 mutato
522 3855 656 3921 corpore
678 3835 782 3900 flecti:

23 3945 89 4022 quod
108 3953 246 4015 mutatur
266 3951 350 4016 enim
373 3951 579 4028 dissolvitur,
594 3949 701 4014 interit
722 3969 821 4031 ergo.

21 4058 180 4130 traiciuntur
202 4065 286 4131 enim
309 4071 417 4150 partes
439 4071 538 4148 atque
560 4065 672 4130 ordine
694 4065 852 4149 migrant3

22 4219 198 4239 ‘’x—-

26 4323 180 4394 :atticoque
199 4329 213 4400 ΙΙ
235 4334 285 4382 734
298 4341 406 4398 contage
426 4331 439 4401 Η
462 4335 510 4383 736
530 4347 579 4395 qne
599 4329 612 4400 Η
635 4333 684 4382 738
702 4339 731 4382 nt
742 4332 844 4396 quicum
865 4328 878 4400 ll
900 4333 1085 4384 mosomense
1106 4327 1118 4400 ΙΙ

26 4410 65 4458 tls
81 4415 102 4463 Δ
118 4417 229 4484 putribus
247 4420 321 4470 detur
339 4427 364 4472 et
381 4436 397 4470 e
413 4421 509 4489 penius
527 4435 606 4488 pavor
625 4419 716 4473 incitat
734 4427 819 4474 artus.
