2996 5148
534 475 580 540 VI

44 640 176 707 diffindens
197 651 304 708 terram
328 667 474 729 magnum
499 647 671 712 concinnat
693 647 834 712 hiatum.

19 758 65 825 rin
83 757 159 839 Syria
177 758 287 824 Sidone
310 763 395 844 quod
419 761 536 826 accidit
558 770 590 825 ct
611 761 672 824 fuit
693 763 773 843 Aegi

45 873 65 934 iu
81 873 292 956 Peloponneso,
310 895 393 957 quas
415 877 519 952 exitus
544 874 595 940 hic
617 877 736 940 animai

44 985 161 1050 disturbat
179 989 267 1054 urbes
289 997 321 1054 et
344 999 448 1056 terrae
470 999 576 1055 rnotus
598 991 751 1056 obortus:

45 1100 166 1182 stultaque
187 1111 351 1184 praeterea
374 1105 557 1170 ceciderunt
580 1105 707 1170 moenia
730 1107 856 1189 magnis

45 1215 143 1279 uastius
162 1216 191 1280 in
212 1217 321 1294 terris,
339 1227 372 1284 et
393 1221 512 1285 multae
535 1239 593 1306 per
616 1241 705 1286 tiuare
728 1239 857 1304 pessum

21 1349 30 1385 u
46 1329 176 1396 subsedere
197 1335 259 1397 suis
281 1335 403 1418 pariter
424 1353 495 1399 cunr
519 1336 641 1400 ciuibus
664 1337 779 1400 urbes.

43 1443 99 1522 qud
117 1445 169 1510 nisi
189 1449 383 1534 prorumpit,
400 1457 507 1514 temen
531 1449 668 1533 impetus
693 1449 763 1533 ipse
786 1451 906 1514 animai

44 1571 64 1619 n
78 1559 130 1624 iara
148 1561 191 1625 ris
212 1563 294 1626 venti
318 1583 376 1646 per
399 1564 512 1628 crebra
534 1565 694 1629 foramina
716 1572 820 1630 terrac

42 1672 180 1755 dispertitur
201 1684 233 1741 ot
255 1677 369 1744 irorror
391 1687 422 1743 et
443 1679 555 1743 incutit
576 1678 652 1743 inde
674 1688 862 1759 tremoren13

43 1788 108 1868 tripu
127 1791 163 1854 nti
185 1801 313 1859 nostros
335 1795 461 1879 penitus
484 1815 553 1859 cunr
577 1795 664 1860 venit
686 1794 718 1857 in
741 1799 849 1878 artus,

22 1905 273 1974 assonationes
296 1929 416 1991 cogens
438 1917 573 1973 tremore
596 1916 692 1990 atque
716 1927 863 1975 movere.

46 2017 129 2099 ncipit
149 2023 309 2108 trepidant
331 2023 425 2108 igitur
447 2032 568 2089 terrore
590 2015 777 2109 peu'urbis,

48 2137 94 2195 turta
109 2153 234 2220 superne
256 2139 391 2222 timent,
409 2145 554 2203 metuunt
575 2139 701 2205 inferne
724 2159 878 2204 cavernas

53 2250 101 2310 uui
120 2269 155 2314 ne
176 2251 336 2318 dissoluat
356 2260 473 2319 natura
495 2261 647 2339 repente,
753 2271 756 2276 ·

55 2362 230 2432 rendistracta
253 2389 347 2434 suurn
370 2369 436 2434 iate
459 2369 631 2453 dispandat
652 2370 773 2435 hiatum

19 2489 33 2517 ¹*
51 2473 109 2555 tique
125 2481 187 2546 suis
209 2483 346 2548 confusa
366 2485 443 2548 vciit
466 2486 627 2570 complere
650 2485 767 2550 ruinis.

45 2591 131 2666 proinde
150 2596 222 2663 iicet
246 2598 392 2680 quamvis
415 2599 539 2664 caelum
563 2607 745 2681 terramque
769 2605 899 2664 reantur

44 2699 174 2794 inronupta
195 2712 266 2776 sore
290 2721 443 2778 aeternae
466 2715 617 2778 nrandata
640 2715 755 2779 saluti:

41 2829 58 2876 u
72 2829 152 2887 tanen
172 2827 256 2892 inter
279 2828 356 2892 dum
379 2848 533 2913 praesens
555 2830 603 2894 uis
625 2829 698 2914 ipsa
720 2830 831 2914 pericii

40 2933 400 3006 sarracenorumque
424 2943 561 3026 quadarn
586 2944 626 3008 dc
650 2953 740 3028 perte
764 2943 906 3019 timoris,

17 3056 63 3106 tn
78 3053 191 3130 pedibus
214 3057 332 3142 raptim
356 3057 452 3123 tetius
475 3059 637 3124 subtracta
659 3059 780 3124 feratur

39 3159 254 3256 tristatarum,
273 3161 444 3254 rerumque
464 3181 617 3255 sequatur
638 3173 766 3259 prodita
788 3181 913 3238 sunrnre

38 3273 155 3364 tourins,
171 3295 203 3352 et
225 3287 284 3353 fiat
306 3287 416 3352 mundi
440 3287 573 3353 confusa
595 3289 708 3352 ruina.

61 3393 215 3488 [Principio
238 3423 328 3468 mare
352 3403 506 3468 mirantur
528 3423 592 3466 uon
616 3401 751 3467 reddare
773 3401 878 3466 maius

12 3571 13 3580 ,
38 3517 140 3578 fluumrn
152 3563 160 3597 ,
176 3537 239 3600 qno
264 3519 306 3583 sit
326 3525 434 3585 tantus
457 3517 610 3584 decursus
633 3535 810 3601 aquarum,

12 3595 109 3706 prunis
128 3651 187 3712 quo
209 3633 340 3698 venient
362 3654 402 3698 ex
424 3635 509 3700 omni
532 3631 665 3697 flumina
686 3637 799 3716 parte.

37 3734 92 3804 adde
110 3763 204 3829 vagos
226 3747 337 3813 imbris
358 3753 630 3832 tempestatesque
651 3746 817 3829 volantes,

37 3856 111 3920 turnis
130 3881 207 3942 quae
232 3862 335 3928 maria
357 3883 395 3927 ac
417 3871 519 3928 terras
541 3867 761 3946 sparguntque
784 3861 972 3944 rigantque:

12 4019 14 4060 i
35 3963 91 4032 stre
110 3993 179 4040 suos
198 3977 297 4042 fontis
311 4002 318 4041 :
334 3982 443 4042 temen
465 3977 506 4041 ad
531 3975 626 4042 maris
650 3975 758 4040 omnia
779 3995 935 4040 cuminam

54 4165 197 4184 κὴ

36 4267 69 4316 fot
84 4272 196 4326 Diffidens
220 4275 233 4344 ΙΙ
259 4281 308 4328 886
329 4293 379 4340 qua
403 4275 416 4344 Η
441 4281 491 4329 588
510 4278 636 4328 cecideret
660 4275 674 4345 ΙΙ
699 4279 749 4327 589
768 4292 887 4342 possunt.
908 4274 921 4344 ii
942 4279 992 4327 594
1012 4274 1084 4323 utin
1104 4271 1117 4340 ΙΙ

36 4355 69 4396 '³¹³⁰
90 4359 158 4424 idque
181 4361 194 4431 ΙΙ
217 4366 316 4430 comple
341 4364 354 4432 ΙΙ
378 4367 429 4419 604
451 4365 585 4418 Subditeet
609 4365 676 4414 hunc
701 4361 715 4432 ΙΙ
738 4365 804 4430 parti
829 4361 842 4432 Η
867 4367 917 4414 605
936 4363 1079 4412 substructa
1104 4357 1117 4428 ΙΙ

36 4449 69 4484 ‘di'
86 4445 172 4502 Nature
