3020 5146
377 463 438 526 180
921 457 947 520 V

373 627 425 710 qui
448 600 566 692 faciunt
588 627 686 692 solem
711 634 796 692 certa
819 625 993 707 desurgere
1016 635 1108 710 parte

370 751 542 827 propterea
564 743 598 807 fit
620 743 665 808 uti
688 742 857 808 videantur
880 741 987 808 dicere
1010 761 1140 808 verum.

297 879 346 926 roo
414 859 505 924 Luna
526 864 632 942 potest
654 857 731 924 solis
753 856 853 922 radiis
875 876 1028 942 percussa
1050 857 1170 938 nitere,

371 974 468 1056 inque
491 973 560 1038 dies
582 973 686 1055 magis
707 972 741 1036 id
764 973 870 1036 lumen
893 979 1077 1037 convertere
1100 971 1195 1036 nobis

372 1087 415 1153 ad
439 1088 598 1172 7770070777,
616 1093 769 1169 quantum
791 1086 869 1150 solis
891 1085 1012 1152 secedit
1033 1087 1074 1150 ab
1098 1085 1186 1160 orbi,

371 1204 510 1286 donique
532 1223 603 1267 eum
627 1209 737 1268 contra
758 1202 854 1287 pleno
877 1201 958 1266 bene
980 1201 1099 1266 lumine
1121 1199 1211 1265 fulsit

372 1323 468 1402 atque
492 1318 598 1383 oriens
622 1317 726 1382 obitus
748 1317 816 1382 eius
838 1335 933 1399 super
955 1313 1044 1382 edita
1066 1315 1162 1380 vidit:

297 1454 346 1500 770
370 1433 445 1498 inde
467 1431 645 1497 minutatim
666 1437 752 1496 retro
776 1431 866 1512 quasi
889 1431 1026 1496 condere
1049 1430 1156 1496 lumen

371 1546 466 1612 debet
487 1549 581 1632 item,
600 1553 717 1629 quanto
740 1548 871 1631 propius
894 1545 957 1610 iam
982 1547 1058 1610 solis
1080 1544 1123 1610 ad
1149 1546 1257 1630 ignem

370 1661 487 1727 labitur
509 1681 549 1728 ex
572 1663 638 1726 alia
660 1663 822 1745 signorum
844 1669 935 1746 parte
958 1683 1017 1745 7707
1038 1662 1168 1744 07170077

368 1783 402 1841 01
423 1776 562 1862 iaciunt,
579 1777 688 1842 lunam
710 1777 762 1859 qui
784 1777 905 1859 lingunt
928 1796 999 1842 esse
1022 1777 1100 1862 pilai

370 1893 567 1957 consimilem
590 1911 765 1976 cursusque
788 1891 873 1956 viam
896 1891 954 1956 sub
979 1893 1048 1957 sole
1070 1899 1202 1957 tenere.

297 2028 345 2074 715
371 2016 418 2072 est
441 2007 535 2072 etiam
559 2025 657 2089 quare
679 2009 809 2092 proprio
833 2027 902 2071 cum
926 2006 1044 2072 lumine
1067 2007 1167 2090 possit

370 2122 493 2187 volvier
515 2127 546 2186 et
568 2121 672 2186 varias
695 2123 876 2206 splendoris
900 2121 1034 2188 reddere
1056 2120 1198 2187 forinas:

369 2257 484 2320 corpus
506 2237 589 2302 enim
612 2237 686 2302 lieet
708 2256 780 2302 esse
803 2236 911 2312 aliud,
928 2237 1012 2318 quod
1038 2237 1137 2302 fertur
1161 2242 1193 2301 et
1215 2257 1285 2301 una

369 2353 486 2418 labitur
508 2349 699 2417 omnimodis
722 2371 896 2418 occursans
919 2351 1146 2434 efficiensque.
1494 2353 1495 2386 ³

370 2467 535 2552 neopolis
558 2473 606 2531 est
629 2465 736 2549 cerni,
755 2467 829 2547 quia
853 2485 979 2532 cassum
1003 2467 1121 2531 lumine
1143 2466 1261 2530 fertur.

296 2602 345 2650 770
370 2583 556 2664 versarique
578 2587 703 2665 potest,
720 2581 836 2663 globus
856 2587 890 2646 ut
912 2581 952 2646 sit
974 2579 1056 2646 forte
1079 2581 1158 2665 pilai

369 2694 501 2760 dimidia
524 2715 563 2761 ex
587 2697 668 2780 parti
693 2695 842 2760 candenti
865 2695 985 2761 lumine
1008 2696 1143 2774 tinctus,

370 2811 590 2893 versandoque
612 2811 742 2894 globum
766 2811 919 2875 variantis
942 2812 1036 2875 edere
1059 2809 1200 2894 formas,

369 2925 508 3008 donique
532 2945 604 2992 eam
628 2932 770 3009 partem,
788 2945 870 3007 quae
894 2943 1030 3007 cumque
1054 2931 1103 2990 est
1125 2919 1256 3009 ignibus
1280 2935 1402 3008 aucta,

368 3042 410 3106 ad
432 3042 572 3126 speeiem
597 3040 689 3104 vertit
711 3040 804 3105 nobis
829 3039 1002 3122 oculosque
1024 3040 1184 3123 patentis:

294 3175 343 3222 770
368 3157 443 3220 inde
465 3155 643 3220 minutatim
668 3161 752 3218 retro
776 3161 964 3236 contorquet
986 3161 1017 3218 et
1038 3153 1139 3218 aufert

367 3269 530 3336 luciferam
555 3275 677 3354 partem
701 3268 940 3351 glomeraminis
963 3277 1060 3348 atque
1083 3267 1182 3351 pilai;

370 3389 404 3447 ut
426 3383 625 3467 Babylonica
648 3382 842 3447 Chaldaeum
867 3383 1013 3448 doctrina
1035 3381 1177 3446 refutans

370 3498 603 3579 astrologorum
629 3503 730 3563 artem
754 3504 863 3562 contra
885 3497 1072 3562 convincere
1096 3495 1215 3578 tondit,

368 3611 503 3696 proinde
527 3613 618 3693 quasi
641 3612 673 3676 id
696 3613 764 3676 fieri
787 3617 925 3694 nequeat
948 3611 1034 3694 quod
1058 3617 1182 3695 pugnat
1204 3617 1372 3696 uterque,

295 3744 344 3792 700
368 3725 547 3790 autminus
570 3725 630 3790 boo
653 3727 707 3792 illo
730 3725 771 3790 sit
793 3746 849 3791 cur
871 3725 1058 3810 amplectier
1080 3725 1188 3790 ausis.

367 3839 504 3922 denique
527 3859 582 3904 eur
604 3847 892 3924 nequeatsemper
913 3861 999 3904 nova
1020 3841 1097 3904 luna
1120 3840 1222 3904 creari
1491 3841 1492 3904 l

368 3952 479 4018 ordine
502 3952 676 4018 formarum
700 3961 787 4020 certo
811 3953 970 4036 certisque
992 3954 1122 4035 figuris,

366 4065 462 4148 inque
484 4067 553 4132 dies
579 4067 689 4152 privos
712 4067 848 4134 aborisci
872 4085 1021 4150 quaeque
1044 4073 1149 4134 creata

370 4343 418 4391 7077
437 4341 553 4404 perculsa
573 4339 586 4410 Η
608 4343 656 4390 706
677 4341 702 4389 id
716 4341 855 4392 0777070777.
875 4339 889 4410 ΙΙ
912 4343 961 4392 708
975 4342 1073 4390 beueuo
1093 4341 1106 4408 Η
1126 4343 1176 4390 711
1199 4349 1252 4390 tarn
1275 4339 1290 4411 ΙΙ
1314 4345 1366 4393 718
1384 4343 1451 4408 771170Ι

368 4430 417 4476 770
437 4428 457 4476 77
479 4429 491 4496 ll
514 4433 561 4478 777
583 4429 733 4490 babyloniae
755 4427 768 4494 ΙΙ
790 4431 840 4478 780
860 4429 906 4478 ilio
950 4437 954 4442 '
