3052 5150
321 372 382 440 186
844 373 895 439 ΙΠ

312 545 427 632 porri,
454 549 486 611 et
508 544 659 612 Gilsnins
682 565 828 609 xnoner
851 592 859 610 .
882 545 916 610 in
940 549 1117 611 oeterorurn
1140 544 1322 612 oommentis
1341 543 1412 610 nihil

318 647 390 713 suni
413 655 487 714 est.
507 645 566 714 sed
589 647 621 712 in
636 648 779 714 llrrnebi
802 646 1061 714 adversariorum
1082 650 1197 733 xxu,9
1218 647 1303 713 mele
1322 645 1413 732 sorip

318 757 385 815 tum
407 749 502 818 rideo
526 756 617 832 οῑιαι,
641 751 758 816 roetius
780 751 852 816 siue
872 755 1006 816 eeoontu
1029 750 1063 814 in
1085 749 1168 816 libro
1190 771 1267 835 xxx,
1284 751 1342 817 1οι
1369 755 1414 814 est

318 853 403 918 enim
425 876 495 919 eom
517 851 737 938 praepositio,
760 871 825 918 non
847 852 1054 920 ooniunotio.

404 954 478 1021 826.
501 954 793 1020 Mncxneu.lteli
815 953 1025 1020 uuonan.

404 1056 477 1123 829.
500 1057 602 1123 Annr
624 1056 929 1129 ouon.Gorroetor
951 1055 1082 1140 oblongi
1105 1057 1233 1125 Anne.

404 1158 478 1226 835.
501 1179 568 1224 eun
583 1179 691 1223 sunrs
706 1179 895 1222 nunnxnrs
910 1179 1042 1225 nuens.
1059 1158 1243 1238 Quadratus
1258 1161 1332 1226 altri
1344 1161 1418 1242 (uon

321 1260 419 1346 aum)
442 1267 475 1326 et
495 1285 618 1328 ααααα.
638 1267 725 1327 reete
746 1261 897 1327 Gifeuius
917 1261 1052 1328 notiori
1074 1281 1156 1326 onrs
1176 1309 1185 1326 .
1207 1263 1256 1328 itu
1274 1262 1419 1348 seriptum

320 1369 369 1430 est
380 1364 413 1429 iu
428 1385 460 1448 v,
475 1364 536 1430 143
550 1385 585 1448 τι,
600 1364 682 1431 1000
696 1383 739 1442 rr,
752 1363 815 1432 216
830 1385 860 1446 v,
873 1363 937 1430 666
952 1363 1016 1429 683
1028 1412 1036 1428 .
1048 1361 1091 1429 de
1105 1368 1273 1448 podiorum
1284 1371 1420 1431 ueterum

322 1486 382 1531 nsu
404 1467 539 1552 exposui
562 1465 606 1532 ed
627 1485 756 1532 versum
777 1465 842 1532 406
865 1517 873 1533 .
896 1465 1137 1532 consedendum
1162 1474 1214 1532 est
1235 1473 1420 1533 tamennon

321 1587 433 1635 omnes
454 1567 539 1635 idem
562 1573 689 1634 seoutos
711 1587 786 1636 esse
801 1617 809 1634 .
826 1568 929 1634 Venno
944 1568 976 1632 in
992 1587 1127 1652 eorpore
1142 1569 1286 1636 Putsohii
1300 1589 1331 1654 p.
1343 1565 1421 1633 2264

320 1669 460 1752 dorsis,
477 1695 559 1758 quon
572 1670 664 1736 modo
679 1671 813 1737 anlerio
828 1670 997 1736 scribimus
1008 1718 1016 1753 ,
1028 1669 1119 1736 modo
1134 1673 1250 1757 qus‘bus
1266 1671 1421 1752 oudinum

322 1771 386 1837 nisi
409 1779 516 1838 temen
538 1771 713 1856 legendum
736 1779 786 1838 ost
806 1773 893 1837 aursi
915 1819 924 1837 .
946 1779 1021 1837 sunt
1042 1779 1148 1838 eutem
1170 1773 1250 1840 illue
1270 1781 1336 1840 tres
1357 1773 1421 1838 Put

322 1873 403 1940 solii
425 1875 570 1960 paginus
592 1880 764 1960 exoerptee
786 1893 804 1940 e
826 1873 909 1939 libro
932 1873 1108 1958 Varronis,
1131 1873 1190 1940 sed
1216 1875 1422 1961 interpolatae

322 1975 362 2042 iis
377 1995 461 2060 queo
476 1977 542 2042 elio
558 1977 655 2043 modo
671 1983 827 2062 oonoepte
841 1976 991 2059 leguntur
1011 1975 1044 2041 in
1060 1978 1281 2060 grammatiois
1297 1975 1421 2044 Eleleu-

321 2076 414 2144 ieldii
436 2099 468 2164 p.
483 2079 568 2146 452.

407 2179 480 2246 844.
504 2181 743 2247 Drsrnnorns
765 2203 874 2246 xnrrrr
896 2202 1068 2246 sunone.
1091 2181 1145 2248 Sio
1165 2187 1301 2267 uterque
1323 2231 1331 2247 .
1353 2200 1422 2266 quu-

322 2281 406 2349 dnuti
421 2289 581 2350 norreetor
597 2291 629 2350 et
650 2285 748 2350 ooleri
763 2286 928 2350 Dritrnelo
943 2305 1010 2348 nsr
1025 2331 1035 2350 .
1051 2303 1136 2368 quus
1151 2283 1322 2351 Lueretius
1336 2283 1423 2349 hebet

322 2403 418 2452 versu
438 2385 501 2452 838
517 2435 525 2471 ,
549 2405 589 2452 ee
609 2387 735 2452 sentius
757 2385 841 2452 dixit
855 2387 1011 2471 llpieurus
1033 2385 1120 2470 opud
1135 2386 1302 2451 Lotirtium
1323 2406 1353 2466 x,
1370 2382 1424 2448 126

321 2484 360 2554 τὸ
372 2487 643 2575 φρικωδέστατον
658 2479 717 2556 odo
727 2489 793 2554 τῶν
805 2489 914 2554 κακῶν
932 2481 1225 2566 ὁθάνατοςούδέν
1236 2485 1325 2575 πρὸς
1334 2479 1422 2573 ἡμᾶς,
1513 2529 1514 2545 2

324 2585 524 2680 ἐπειδήπερ
541 2587 621 2660 ὅταν
642 2591 703 2675 μὲν
724 2585 819 2678 ἡμεῖς
841 2581 929 2673 ὦμεν
940 2641 948 2674 ,
973 2584 992 2658 ὁ
1014 2585 1166 2671 θάνατος
1187 2585 1229 2660 od
1253 2586 1423 2676 πάρεστιν,

322 2687 403 2760 ὅταν
425 2692 464 2761 δὲ
486 2689 505 2760 ὁ
528 2689 679 2775 θάνατος
693 2696 807 2783 παρῇ,
822 2689 899 2761 τόθ’
918 2687 1014 2782 ἡμεῖς
1033 2685 1093 2760 οὐκ
1115 2691 1238 2775 ἐσμέν.
1256 2693 1299 2760 de
1319 2689 1422 2758 eodem

322 2798 437 2864 Sextus
458 2798 629 2884 empirious
644 2819 675 2884 p.
691 2799 793 2876 1766
813 2799 964 2883 (apparet
983 2797 1067 2863 enim
1087 2815 1152 2862 non
1171 2803 1260 2862 neoto
1280 2793 1423 2879 seriptum

260 2979 263 2989 ι
321 2919 394 2965 esso
417 2897 517 2987 φασί)
540 2899 623 2988 φησὶ
652 2899 690 2968 dd
717 2897 773 2966 καὶ
801 2892 849 2978 ὡς
874 2893 971 2985 εἴπερ
998 2893 1244 2985 αυναατὴααμαν
1266 2895 1302 2966 ἐκ
1324 2895 1424 2984 ψυχῆς

321 2999 378 3068 καὶ
399 2999 582 3087 σώματος,
606 2996 624 3070 ὁ
648 3001 687 3072 δὲ
709 2998 860 3082 θάνατος
882 2997 1037 3080 διάλυαίς
1059 2999 1130 3069 ἐστι
1151 3004 1263 3090 ψυχῆς
1286 2999 1342 3067 καὶ
1361 2991 1424 3066 od·

320 3128 447 3188 ματος,
464 3102 520 3173 ὅτε
540 3105 602 3188 μὲν
623 3099 718 3192 ἡμεῖς
739 3103 856 3189 ἐσμέν,
880 3099 941 3172 οὐκ
963 3099 1054 3172 ἔστιν
1076 3099 1095 3172 ὁ
1119 3099 1274 3184 θάνατος
1295 3097 1350 3190 (οὔ
1369 3097 1423 3188 yde

322 3201 571 3292 διαλυόμαθα),
599 3204 656 3274 ὅτε
683 3207 722 3276 δὲ
744 3201 763 3275 ὃ
787 3201 939 3287 θάνατος
959 3202 1050 3276 ἔστιν
1062 3259 1071 3292 ,
1101 3200 1163 3275 ode
1188 3202 1291 3289 ἐσμὲν
1311 3197 1423 3294 ἡμεῖς·

321 3313 368 3398 τῷ
390 3308 452 3396 γὰρ
473 3309 591 3398 μηκέτι
612 3310 673 3397 τήν
694 3307 856 3380 σύστασιν
878 3301 966 3378 εἶναι
986 3315 1046 3399 τῆς
1072 3313 1183 3402 ψυχῆς
1204 3309 1263 3378 καὶ
1283 3310 1344 3376 τοῦ
1364 3297 1422 3374 oor'-
1510 3373 1511 3391 ,

321 3436 428 3494 ματος
449 3409 531 3483 οὐδὲ
553 3407 650 3502 ἡμεῖς
671 3411 790 3498 ἐσμέν.

401 3509 1422 3602 847.nnnnn1nx.1tnqnadrntus:memmoblongnsstltsliol
1509 3531 1510 3566 1

400 3619 473 3686 861.
497 3620 739 3685 Iurnnxunnn
754 3639 870 3684 senne
886 3641 959 3684 oux
974 3641 1033 3682 srr
1048 3639 1240 3684 neennrrn
1254 3633 1422 3682 uosrnrs.

323 3722 373 3787 ltu
395 3722 557 3806 oblongus
579 3727 612 3788 et
633 3721 710 3786 olim
735 3721 906 3807 impressi,
929 3721 1039 3806 itaque
1061 3722 1220 3788 Antonius
1235 3717 1329 3784 llurii
1349 3714 1422 3782 filius

322 3833 355 3892 et
376 3823 554 3907 Marullus,
577 3825 640 3890 nisi
663 3823 750 3908 quod
773 3823 970 3909 seripserunt
991 3838 1123 3890 nostra.
1146 3821 1325 3907 quadretur
1345 3839 1422 3904 epo

323 3930 420 3993 ιααια
435 3975 444 3992 .
460 3925 620 3991 Aventius
642 3927 810 3992 retinentia
831 3927 920 3992 nobis
937 3975 944 3990 .
962 3925 1030 3991 loh.
1047 3925 1141 4010 Bupt.
1156 3925 1233 3990 Pius
1256 3920 1363 4010 ‘prisoi
1377 3935 1421 3984 oo

323 4027 420 4094 dioes’
445 4027 548 4111 inquit
569 4025 700 4093 ‘hebent
721 4027 851 4093 nostri!
866 4027 1044 4094 rectissime
1060 4034 1193 4111 egerunt
1214 4025 1268 4110 qui
1284 4027 1330 4090 its
1342 4072 1349 4106 ,
1363 4040 1421 4084 sr-
1507 4023 1508 4036 ¹

324 4149 502 4193 ernnunrn
523 4151 662 4195 nosrnr
685 4180 691 4194 .
713 4147 787 4194 nuru
811 4149 870 4195 neo
891 4132 1059 4197 retinentia
1080 4149 1141 4195 noe
1161 4127 1332 4216 repetentia
1352 4117 1420 4207 quid

322 4233 366 4300 sit
386 4231 530 4316 intellegi
553 4239 679 4317 potest,
702 4231 764 4296 nisi
788 4229 949 4298 edioiatur
971 4231 1061 4298 ouius
1085 4231 1131 4297 rei
1153 4231 1214 4296 sit.
1229 4227 1421 4316 repetentiam
1506 4275 1507 4282 r

323 4341 430 4401 eutem
438 4337 588 4422 prior-nm
603 4333 765 4400 Arnobius
781 4331 863 4398 dixit
879 4383 887 4418 ,
904 4333 1070 4400 Lueretius
1091 4351 1191 4418 supra
1204 4331 1268 4398 616
1290 4341 1420 4395 nauum

323 4451 429 4503 rerum
451 4437 650 4502 retinentium
666 4485 673 4500 .
690 4454 826 4519 quonum
846 4434 930 4501 hene
945 4435 1080 4502 ultorum
1095 4434 1190 4500 horno
1205 4435 1299 4500 virus
1313 4429 1419 4506 lebet,

186 4621 198 4642 ·
325 4557 428 4625 euque
457 4543 564 4623 potest
588 4557 652 4604 uon
683 4537 780 4604 modo
807 4537 910 4604 amitti
935 4543 1034 4622 etque
1062 4535 1228 4622 werdere,
1248 4533 1307 4602 sed
1334 4529 1419 4598 etium
