<?xml version="1.0" encoding="UTF-8"?>
<!DOCTYPE html PUBLIC "-//W3C//DTD XHTML 1.0 Transitional//EN"
    "http://www.w3.org/TR/xhtml1/DTD/xhtml1-transitional.dtd">
<html xmlns="http://www.w3.org/1999/xhtml" xml:lang="en" lang="en">
 <head>
  <title>
</title>
<meta http-equiv="Content-Type" content="text/html;charset=utf-8" />
  <meta name='ocr-system' content='tesseract 3.04.00' />
  <meta name='ocr-capabilities' content='ocr_page ocr_carea ocr_par ocr_line ocrx_word'/>
</head>
<body>
  <div class='ocr_page' id='page_1' title='image "./tlucreticarider24carugoog_0200.png"; bbox 0 0 2996 5148; ppageno 0'>
   <div class='ocr_carea' id='block_1_1' title="bbox 545 437 573 502">
    <p class='ocr_par' dir='ltr' id='par_1_1' title="bbox 545 437 573 502">
     <span class='ocr_line' id='line_1_1' title="bbox 545 437 573 502; baseline 0 0"><span class='ocrx_word' id='word_1_1' title='bbox 545 437 573 502; x_wconf 88' lang='lat' dir='ltr'>V</span> 
     </span>
    </p>
   </div>
   <div class='ocr_carea' id='block_1_2' title="bbox 24 606 1081 4039">
    <p class='ocr_par' dir='ltr' id='par_1_2' title="bbox 24 606 782 694">
     <span class='ocr_line' id='line_1_2' title="bbox 24 606 782 694; baseline 0.008 -25"><span class='ocrx_word' id='word_1_2' title='bbox 24 607 172 689; x_wconf 78' lang='lat' dir='ltr'>corripiunt</span> <span class='ocrx_word' id='word_1_3' title='bbox 194 606 300 672; x_wconf 83' lang='lat' dir='ltr'>divum</span> <span class='ocrx_word' id='word_1_4' title='bbox 322 609 465 692; x_wconf 75' lang='lat' dir='ltr'><strong>percussi</strong></span> <span class='ocrx_word' id='word_1_5' title='bbox 490 609 629 674; x_wconf 89' lang='lat' dir='ltr'>membra</span> <span class='ocrx_word' id='word_1_6' title='bbox 651 609 782 694; x_wconf 85' lang='lat' dir='ltr'>timore,</span> 
     </span>
    </p>

    <p class='ocr_par' dir='ltr' id='par_1_3' title="bbox 24 719 833 810">
     <span class='ocr_line' id='line_1_3' title="bbox 24 719 833 810; baseline 0.011 -28"><span class='ocrx_word' id='word_1_7' title='bbox 24 719 120 802; x_wconf 85' lang='lat' dir='ltr'>nequid</span> <span class='ocrx_word' id='word_1_8' title='bbox 141 720 180 786; x_wconf 93' lang='lat' dir='ltr'>ob</span> <span class='ocrx_word' id='word_1_9' title='bbox 202 720 375 789; x_wconf 86' lang='lat' dir='ltr'>admissum</span> <span class='ocrx_word' id='word_1_10' title='bbox 396 721 491 790; x_wconf 88' lang='lat' dir='ltr'>foede</span> <span class='ocrx_word' id='word_1_11' title='bbox 514 725 671 790; x_wconf 86' lang='lat' dir='ltr'>dictumve</span> <span class='ocrx_word' id='word_1_12' title='bbox 694 727 833 810; x_wconf 88' lang='lat' dir='ltr'>superbe</span> 
     </span>
    </p>

    <p class='ocr_par' dir='ltr' id='par_1_4' title="bbox 24 839 867 924">
     <span class='ocr_line' id='line_1_4' title="bbox 24 839 867 924; baseline 0.011 -26"><span class='ocrx_word' id='word_1_13' title='bbox 24 854 175 918; x_wconf 89' lang='lat' dir='ltr'>poenarum</span> <span class='ocrx_word' id='word_1_14' title='bbox 198 855 298 918; x_wconf 84' lang='lat' dir='ltr'>grave</span> <span class='ocrx_word' id='word_1_15' title='bbox 320 839 361 904; x_wconf 88' lang='lat' dir='ltr'>sit</span> <span class='ocrx_word' id='word_1_16' title='bbox 383 839 525 904; x_wconf 83' lang='lat' dir='ltr'>solvendi</span> <span class='ocrx_word' id='word_1_17' title='bbox 548 845 673 924; x_wconf 91' lang='lat' dir='ltr'>tempus</span> <span class='ocrx_word' id='word_1_18' title='bbox 696 841 867 907; x_wconf 83' lang='lat' dir='ltr'>adultum?</span> 
     </span>
    </p>

    <p class='ocr_par' dir='ltr' id='par_1_5' title="bbox 24 949 856 1039">
     <span class='ocr_line' id='line_1_5' title="bbox 24 949 856 1039; baseline 0.012 -27"><span class='ocrx_word' id='word_1_19' title='bbox 24 970 123 1014; x_wconf 83' lang='lat' dir='ltr'>nunna</span> <span class='ocrx_word' id='word_1_20' title='bbox 144 949 236 1016; x_wconf 81' lang='lat' dir='ltr'>etiam</span> <span class='ocrx_word' id='word_1_21' title='bbox 260 972 332 1017; x_wconf 91' lang='lat' dir='ltr'>cum</span> <span class='ocrx_word' id='word_1_22' title='bbox 354 953 402 1019; x_wconf 87' lang='lat' dir='ltr'>vis</span> <span class='ocrx_word' id='word_1_23' title='bbox 424 954 556 1019; x_wconf 83' lang='lat' dir='ltr'>violenti</span> <span class='ocrx_word' id='word_1_24' title='bbox 577 973 635 1039; x_wconf 91' lang='lat' dir='ltr'>per</span> <span class='ocrx_word' id='word_1_25' title='bbox 658 975 747 1020; x_wconf 90' lang='lat' dir='ltr'>mare</span> <span class='ocrx_word' id='word_1_26' title='bbox 769 958 856 1022; x_wconf 87' lang='lat' dir='ltr'>venti</span> 
     </span>
    </p>

    <p class='ocr_par' dir='ltr' id='par_1_6' title="bbox 24 1063 792 1154">
     <span class='ocr_line' id='line_1_6' title="bbox 24 1063 792 1154; baseline 0.013 -29"><span class='ocrx_word' id='word_1_27' title='bbox 24 1063 252 1149; x_wconf 79' lang='lat' dir='ltr'>induperatorem</span> <span class='ocrx_word' id='word_1_28' title='bbox 277 1069 390 1134; x_wconf 86' lang='lat' dir='ltr'>classis</span> <span class='ocrx_word' id='word_1_29' title='bbox 413 1087 509 1154; x_wconf 89' lang='lat' dir='ltr'>supcr</span> <span class='ocrx_word' id='word_1_30' title='bbox 531 1088 673 1150; x_wconf 88' lang='lat' dir='ltr'>aequora</span> <span class='ocrx_word' id='word_1_31' title='bbox 695 1071 792 1135; x_wconf 90' lang='lat' dir='ltr'>verrit</span> 
     </span>
    </p>

    <p class='ocr_par' dir='ltr' id='par_1_7' title="bbox 25 1179 892 1273">
     <span class='ocr_line' id='line_1_7' title="bbox 25 1179 892 1273; baseline 0.014 -32"><span class='ocrx_word' id='word_1_32' title='bbox 25 1197 78 1242; x_wconf 86' lang='lat' dir='ltr'>cun</span> <span class='ocrx_word' id='word_1_33' title='bbox 97 1179 204 1245; x_wconf 85' lang='lat' dir='ltr'>validis</span> <span class='ocrx_word' id='word_1_34' title='bbox 226 1183 346 1266; x_wconf 89' lang='lat' dir='ltr'>pariter</span> <span class='ocrx_word' id='word_1_35' title='bbox 368 1183 549 1268; x_wconf 81' lang='lat' dir='ltr'>legionibus</span> <span class='ocrx_word' id='word_1_36' title='bbox 572 1189 670 1265; x_wconf 87' lang='lat' dir='ltr'>atque</span> <span class='ocrx_word' id='word_1_37' title='bbox 693 1184 892 1273; x_wconf 82' lang='lat' dir='ltr'>elephantis,</span> 
     </span>
    </p>

    <p class='ocr_par' dir='ltr' id='par_1_8' title="bbox 24 1289 932 1383">
     <span class='ocr_line' id='line_1_8' title="bbox 24 1289 932 1383; baseline 0.011 -27"><span class='ocrx_word' id='word_1_38' title='bbox 24 1293 190 1358; x_wconf 81' lang='lat' dir='ltr'>nundinum</span> <span class='ocrx_word' id='word_1_39' title='bbox 211 1316 326 1380; x_wconf 84' lang='lat' dir='ltr'>pacem</span> <span class='ocrx_word' id='word_1_40' title='bbox 349 1300 432 1364; x_wconf 83' lang='lat' dir='ltr'>votis</span> <span class='ocrx_word' id='word_1_41' title='bbox 454 1299 521 1362; x_wconf 86' lang='lat' dir='ltr'>adit</span> <span class='ocrx_word' id='word_1_42' title='bbox 542 1317 582 1363; x_wconf 89' lang='lat' dir='ltr'>ac</span> <span class='ocrx_word' id='word_1_43' title='bbox 604 1317 700 1383; x_wconf 89' lang='lat' dir='ltr'>prece</span> <span class='ocrx_word' id='word_1_44' title='bbox 724 1302 850 1380; x_wconf 79' lang='lat' dir='ltr'>quaesit</span> <span class='ocrx_word' id='word_1_45' title='bbox 929 1289 932 1298; x_wconf 74' lang='grc'><strong><em>’</em></strong></span> 
     </span>
    </p>

    <p class='ocr_par' dir='ltr' id='par_1_9' title="bbox 25 1405 898 1504">
     <span class='ocr_line' id='line_1_9' title="bbox 25 1405 898 1504; baseline 0.014 -34"><span class='ocrx_word' id='word_1_46' title='bbox 25 1405 182 1492; x_wconf 73' lang='lat' dir='ltr'>[ventorum</span> <span class='ocrx_word' id='word_1_47' title='bbox 204 1411 344 1496; x_wconf 86' lang='lat' dir='ltr'>pavidus</span> <span class='ocrx_word' id='word_1_48' title='bbox 367 1433 462 1498; x_wconf 83' lang='lat' dir='ltr'>paces</span> <span class='ocrx_word' id='word_1_49' title='bbox 485 1414 673 1495; x_wconf 89' lang='lat' dir='ltr'>animasque</span> <span class='ocrx_word' id='word_1_50' title='bbox 697 1415 898 1504; x_wconf 81' lang='lat' dir='ltr'>secundas]‚</span> 
     </span>
    </p>

    <p class='ocr_par' dir='ltr' id='par_1_10' title="bbox 24 1525 832 1614">
     <span class='ocr_line' id='line_1_10' title="bbox 24 1525 832 1614; baseline 0.011 -27"><span class='ocrx_word' id='word_1_51' title='bbox 24 1545 53 1588; x_wconf 90' lang='lat' dir='ltr'>ne</span> <span class='ocrx_word' id='word_1_52' title='bbox 70 1525 228 1610; x_wconf 86' lang='lat' dir='ltr'>quiquam,</span> <span class='ocrx_word' id='word_1_53' title='bbox 245 1529 396 1610; x_wconf 88' lang='lat' dir='ltr'>quoniam</span> <span class='ocrx_word' id='word_1_54' title='bbox 419 1529 560 1594; x_wconf 86' lang='lat' dir='ltr'>violento</span> <span class='ocrx_word' id='word_1_55' title='bbox 582 1529 708 1594; x_wconf 88' lang='lat' dir='ltr'>turbine</span> <span class='ocrx_word' id='word_1_56' title='bbox 733 1549 832 1614; x_wconf 88' lang='lat' dir='ltr'>saepe</span> 
     </span>
    </p>

    <p class='ocr_par' dir='ltr' id='par_1_11' title="bbox 25 1641 771 1722">
     <span class='ocr_line' id='line_1_11' title="bbox 25 1641 771 1722; baseline 0.012 -21"><span class='ocrx_word' id='word_1_57' title='bbox 25 1649 158 1722; x_wconf 76' lang='lat' dir='ltr'>ennepius</span> <span class='ocrx_word' id='word_1_58' title='bbox 181 1641 246 1708; x_wconf 91' lang='lat' dir='ltr'>nilo</span> <span class='ocrx_word' id='word_1_59' title='bbox 270 1642 372 1708; x_wconf 81' lang='lat' dir='ltr'>fertur</span> <span class='ocrx_word' id='word_1_60' title='bbox 394 1643 559 1709; x_wconf 92' lang='lat' dir='ltr'>minusad</span> <span class='ocrx_word' id='word_1_61' title='bbox 583 1645 666 1710; x_wconf 85' lang='lat' dir='ltr'>vada</span> <span class='ocrx_word' id='word_1_62' title='bbox 689 1645 771 1710; x_wconf 83' lang='lat' dir='ltr'>leti?</span> 
     </span>
    </p>

    <p class='ocr_par' dir='ltr' id='par_1_12' title="bbox 24 1757 843 1843">
     <span class='ocr_line' id='line_1_12' title="bbox 24 1757 843 1843; baseline 0.013 -27"><span class='ocrx_word' id='word_1_63' title='bbox 24 1757 201 1834; x_wconf 80' lang='lat' dir='ltr'>usqueadeo</span> <span class='ocrx_word' id='word_1_64' title='bbox 225 1777 278 1824; x_wconf 89' lang='lat' dir='ltr'>res</span> <span class='ocrx_word' id='word_1_65' title='bbox 302 1759 458 1824; x_wconf 87' lang='lat' dir='ltr'>humanas</span> <span class='ocrx_word' id='word_1_66' title='bbox 480 1760 528 1826; x_wconf 88' lang='lat' dir='ltr'>vis</span> <span class='ocrx_word' id='word_1_67' title='bbox 552 1759 661 1824; x_wconf 86' lang='lat' dir='ltr'>abdita</span> <span class='ocrx_word' id='word_1_68' title='bbox 684 1762 843 1843; x_wconf 88' lang='lat' dir='ltr'>quaedam</span> 
     </span>
    </p>

    <p class='ocr_par' dir='ltr' id='par_1_13' title="bbox 24 1871 826 1960">
     <span class='ocr_line' id='line_1_13' title="bbox 24 1871 826 1960; baseline 0.015 -31"><span class='ocrx_word' id='word_1_69' title='bbox 24 1871 131 1957; x_wconf 83' lang='lat' dir='ltr'>opterit,</span> <span class='ocrx_word' id='word_1_70' title='bbox 146 1881 177 1938; x_wconf 91' lang='lat' dir='ltr'>et</span> <span class='ocrx_word' id='word_1_71' title='bbox 197 1873 354 1959; x_wconf 87' lang='lat' dir='ltr'>pulchros</span> <span class='ocrx_word' id='word_1_72' title='bbox 377 1874 473 1940; x_wconf 86' lang='lat' dir='ltr'>lascis</span> <span class='ocrx_word' id='word_1_73' title='bbox 496 1895 675 1960; x_wconf 86' lang='lat' dir='ltr'>saevasque</span> <span class='ocrx_word' id='word_1_74' title='bbox 698 1895 826 1942; x_wconf 85' lang='lat' dir='ltr'>secures</span> 
     </span>
    </p>

    <p class='ocr_par' dir='ltr' id='par_1_14' title="bbox 26 1987 798 2066">
     <span class='ocr_line' id='line_1_14' title="bbox 26 1987 798 2066; baseline 0.012 -19"><span class='ocrx_word' id='word_1_75' title='bbox 26 1987 178 2066; x_wconf 76' lang='lat' dir='ltr'>proculcare</span> <span class='ocrx_word' id='word_1_76' title='bbox 201 2009 240 2054; x_wconf 90' lang='lat' dir='ltr'>ac</span> <span class='ocrx_word' id='word_1_77' title='bbox 263 1989 402 2054; x_wconf 88' lang='lat' dir='ltr'>ludibrio</span> <span class='ocrx_word' id='word_1_78' title='bbox 427 1990 489 2056; x_wconf 89' lang='lat' dir='ltr'>sibi</span> <span class='ocrx_word' id='word_1_79' title='bbox 512 1991 632 2057; x_wconf 88' lang='lat' dir='ltr'>babere</span> <span class='ocrx_word' id='word_1_80' title='bbox 655 1989 798 2057; x_wconf 90' lang='lat' dir='ltr'>videtur.</span> 
     </span>
    </p>

    <p class='ocr_par' dir='ltr' id='par_1_15' title="bbox 28 2097 899 2421">
     <span class='ocr_line' id='line_1_15' title="bbox 28 2097 836 2189; baseline 0.014 -28"><span class='ocrx_word' id='word_1_81' title='bbox 28 2097 135 2184; x_wconf 88' lang='lat' dir='ltr'>deniqne</span> <span class='ocrx_word' id='word_1_82' title='bbox 157 2105 215 2170; x_wconf 83' lang='lat' dir='ltr'>snb</span> <span class='ocrx_word' id='word_1_83' title='bbox 239 2103 378 2189; x_wconf 91' lang='lat' dir='ltr'>pedibus</span> <span class='ocrx_word' id='word_1_84' title='bbox 401 2104 496 2170; x_wconf 90' lang='lat' dir='ltr'>tellus</span> <span class='ocrx_word' id='word_1_85' title='bbox 520 2125 589 2169; x_wconf 89' lang='lat' dir='ltr'>curn</span> <span class='ocrx_word' id='word_1_86' title='bbox 614 2113 683 2171; x_wconf 84' lang='lat' dir='ltr'>tota</span> <span class='ocrx_word' id='word_1_87' title='bbox 705 2107 836 2172; x_wconf 83' lang='lat' dir='ltr'>vacillat</span> 
     </span>
     <span class='ocr_line' id='line_1_16' title="bbox 33 2215 899 2307; baseline 0.015 -32"><span class='ocrx_word' id='word_1_88' title='bbox 33 2233 234 2302; x_wconf 84' lang='lat' dir='ltr'>concussaeque</span> <span class='ocrx_word' id='word_1_89' title='bbox 258 2218 378 2286; x_wconf 90' lang='lat' dir='ltr'>cadunt</span> <span class='ocrx_word' id='word_1_90' title='bbox 399 2221 496 2285; x_wconf 92' lang='lat' dir='ltr'>urbes</span> <span class='ocrx_word' id='word_1_91' title='bbox 518 2220 697 2302; x_wconf 84' lang='lat' dir='ltr'>dubiaeque</span> <span class='ocrx_word' id='word_1_92' title='bbox 721 2215 899 2307; x_wconf 86' lang='lat' dir='ltr'>minantur,</span> 
     </span>
     <span class='ocr_line' id='line_1_17' title="bbox 37 2331 800 2421; baseline 0.013 -31"><span class='ocrx_word' id='word_1_93' title='bbox 37 2331 85 2408; x_wconf 87' lang='lat' dir='ltr'>quil</span> <span class='ocrx_word' id='word_1_94' title='bbox 101 2335 225 2421; x_wconf 84' lang='lat' dir='ltr'>mirum,</span> <span class='ocrx_word' id='word_1_95' title='bbox 243 2335 272 2400; x_wconf 93' lang='lat' dir='ltr'>si</span> <span class='ocrx_word' id='word_1_96' title='bbox 296 2353 332 2402; x_wconf 90' lang='lat' dir='ltr'>se</span> <span class='ocrx_word' id='word_1_97' title='bbox 354 2339 499 2400; x_wconf 88' lang='lat' dir='ltr'>temnunt</span> <span class='ocrx_word' id='word_1_98' title='bbox 522 2337 667 2400; x_wconf 87' lang='lat' dir='ltr'>mortalia</span> <span class='ocrx_word' id='word_1_99' title='bbox 689 2335 800 2402; x_wconf 88' lang='lat' dir='ltr'>saecla</span> 
     </span>
    </p>

    <p class='ocr_par' dir='ltr' id='par_1_16' title="bbox 34 2451 814 2535">
     <span class='ocr_line' id='line_1_18' title="bbox 34 2451 814 2535; baseline 0.009 -25"><span class='ocrx_word' id='word_1_100' title='bbox 34 2455 97 2526; x_wconf 81' lang='lat' dir='ltr'>alque</span> <span class='ocrx_word' id='word_1_101' title='bbox 115 2452 283 2534; x_wconf 84' lang='lat' dir='ltr'>potestatis</span> <span class='ocrx_word' id='word_1_102' title='bbox 307 2469 444 2532; x_wconf 84' lang='lat' dir='ltr'>magnas</span> <span class='ocrx_word' id='word_1_103' title='bbox 467 2451 629 2533; x_wconf 87' lang='lat' dir='ltr'>mirasque</span> <span class='ocrx_word' id='word_1_104' title='bbox 652 2451 814 2535; x_wconf 85' lang='lat' dir='ltr'>relinqunt</span> 
     </span>
    </p>

    <p class='ocr_par' dir='ltr' id='par_1_17' title="bbox 29 2555 1081 2883">
     <span class='ocr_line' id='line_1_19' title="bbox 31 2555 864 2652; baseline 0.017 -34"><span class='ocrx_word' id='word_1_105' title='bbox 31 2555 52 2620; x_wconf 92' lang='lat' dir='ltr'>in</span> <span class='ocrx_word' id='word_1_106' title='bbox 69 2564 147 2631; x_wconf 86' lang='lat' dir='ltr'>rebus</span> <span class='ocrx_word' id='word_1_107' title='bbox 168 2567 246 2633; x_wconf 87' lang='lat' dir='ltr'>viris</span> <span class='ocrx_word' id='word_1_108' title='bbox 270 2566 398 2650; x_wconf 86' lang='lat' dir='ltr'>divom,</span> <span class='ocrx_word' id='word_1_109' title='bbox 416 2583 501 2648; x_wconf 88' lang='lat' dir='ltr'>qnae</span> <span class='ocrx_word' id='word_1_110' title='bbox 525 2573 637 2632; x_wconf 90' lang='lat' dir='ltr'>cuncta</span> <span class='ocrx_word' id='word_1_111' title='bbox 658 2569 864 2652; x_wconf 78' lang='lat' dir='ltr'>gubernent?</span> 
     </span>
     <span class='ocr_line' id='line_1_20' title="bbox 55 2675 1081 2769; baseline 0.012 -29"><span class='ocrx_word' id='word_1_112' title='bbox 55 2675 128 2752; x_wconf 83' lang='lat' dir='ltr'>Quod</span> <span class='ocrx_word' id='word_1_113' title='bbox 149 2701 246 2767; x_wconf 88' lang='lat' dir='ltr'>super</span> <span class='ocrx_word' id='word_1_114' title='bbox 270 2689 339 2767; x_wconf 80' lang='lat' dir='ltr'>est,</span> <span class='ocrx_word' id='word_1_115' title='bbox 356 2701 412 2747; x_wconf 86' lang='lat' dir='ltr'>aes</span> <span class='ocrx_word' id='word_1_116' title='bbox 434 2687 529 2764; x_wconf 87' lang='lat' dir='ltr'>atque</span> <span class='ocrx_word' id='word_1_117' title='bbox 552 2702 662 2746; x_wconf 87' lang='lat' dir='ltr'>aurum</span> <span class='ocrx_word' id='word_1_118' title='bbox 685 2683 868 2766; x_wconf 82' lang='lat' dir='ltr'>ferrumque</span> <span class='ocrx_word' id='word_1_119' title='bbox 890 2692 1081 2769; x_wconf 88' lang='lat' dir='ltr'>repertumst</span> 
     </span>
     <span class='ocr_line' id='line_1_21' title="bbox 29 2792 831 2883; baseline 0.017 -33"><span class='ocrx_word' id='word_1_120' title='bbox 29 2797 50 2852; x_wconf 87' lang='lat' dir='ltr'>et</span> <span class='ocrx_word' id='word_1_121' title='bbox 66 2792 142 2859; x_wconf 91' lang='lat' dir='ltr'>simul</span> <span class='ocrx_word' id='word_1_122' title='bbox 164 2799 290 2880; x_wconf 86' lang='lat' dir='ltr'>argenti</span> <span class='ocrx_word' id='word_1_123' title='bbox 312 2795 438 2882; x_wconf 89' lang='lat' dir='ltr'>pondus</span> <span class='ocrx_word' id='word_1_124' title='bbox 460 2796 645 2881; x_wconf 82' lang='lat' dir='ltr'>plumbique</span> <span class='ocrx_word' id='word_1_125' title='bbox 668 2803 831 2883; x_wconf 84' lang='lat' dir='ltr'>potestas,</span> 
     </span>
    </p>

    <p class='ocr_par' dir='ltr' id='par_1_18' title="bbox 27 2905 758 2998">
     <span class='ocr_line' id='line_1_22' title="bbox 27 2905 758 2998; baseline 0.012 -30"><span class='ocrx_word' id='word_1_126' title='bbox 27 2905 88 2986; x_wconf 83' lang='lat' dir='ltr'>ignis</span> <span class='ocrx_word' id='word_1_127' title='bbox 107 2911 155 2976; x_wconf 92' lang='lat' dir='ltr'>ubi</span> <span class='ocrx_word' id='word_1_128' title='bbox 177 2912 319 2998; x_wconf 87' lang='lat' dir='ltr'>ingentis</span> <span class='ocrx_word' id='word_1_129' title='bbox 342 2911 442 2978; x_wconf 86' lang='lat' dir='ltr'>silvas</span> <span class='ocrx_word' id='word_1_130' title='bbox 464 2909 579 2978; x_wconf 89' lang='lat' dir='ltr'>ardore</span> <span class='ocrx_word' id='word_1_131' title='bbox 602 2921 758 2978; x_wconf 88' lang='lat' dir='ltr'>cremarat</span> 
     </span>
    </p>

    <p class='ocr_par' dir='ltr' id='par_1_19' title="bbox 27 3025 862 3113">
     <span class='ocr_line' id='line_1_23' title="bbox 27 3025 862 3113; baseline 0.016 -30"><span class='ocrx_word' id='word_1_132' title='bbox 27 3025 155 3094; x_wconf 87' lang='lat' dir='ltr'>nnntibus</span> <span class='ocrx_word' id='word_1_133' title='bbox 175 3029 206 3094; x_wconf 93' lang='lat' dir='ltr'>in</span> <span class='ocrx_word' id='word_1_134' title='bbox 231 3029 380 3112; x_wconf 86' lang='lat' dir='ltr'>magnis,</span> <span class='ocrx_word' id='word_1_135' title='bbox 397 3047 454 3094; x_wconf 86' lang='lat' dir='ltr'>seu</span> <span class='ocrx_word' id='word_1_136' title='bbox 476 3029 564 3094; x_wconf 90' lang='lat' dir='ltr'>caelo</span> <span class='ocrx_word' id='word_1_137' title='bbox 588 3027 719 3092; x_wconf 86' lang='lat' dir='ltr'>fulmine</span> <span class='ocrx_word' id='word_1_138' title='bbox 743 3029 862 3113; x_wconf 85' lang='lat' dir='ltr'>misso,</span> 
     </span>
    </p>

    <p class='ocr_par' dir='ltr' id='par_1_20' title="bbox 27 3137 817 3237">
     <span class='ocr_line' id='line_1_24' title="bbox 27 3137 817 3237; baseline 0.015 -37"><span class='ocrx_word' id='word_1_139' title='bbox 27 3137 76 3237; x_wconf 66' lang='lat' dir='ltr'>nipe</span> <span class='ocrx_word' id='word_1_140' title='bbox 96 3143 172 3223; x_wconf 91' lang='lat' dir='ltr'>qnod</span> <span class='ocrx_word' id='word_1_141' title='bbox 193 3145 277 3210; x_wconf 90' lang='lat' dir='ltr'>inter</span> <span class='ocrx_word' id='word_1_142' title='bbox 299 3165 333 3210; x_wconf 89' lang='lat' dir='ltr'>se</span> <span class='ocrx_word' id='word_1_143' title='bbox 357 3145 475 3210; x_wconf 90' lang='lat' dir='ltr'>bellum</span> <span class='ocrx_word' id='word_1_144' title='bbox 499 3144 646 3210; x_wconf 87' lang='lat' dir='ltr'>silvestre</span> <span class='ocrx_word' id='word_1_145' title='bbox 669 3151 817 3225; x_wconf 85' lang='lat' dir='ltr'>gerentes</span> 
     </span>
    </p>

    <p class='ocr_par' dir='ltr' id='par_1_21' title="bbox 26 3247 780 3344">
     <span class='ocr_line' id='line_1_25' title="bbox 26 3247 780 3344; baseline 0.012 -30"><span class='ocrx_word' id='word_1_146' title='bbox 26 3247 141 3323; x_wconf 86' lang='lat' dir='ltr'>hostibus</span> <span class='ocrx_word' id='word_1_147' title='bbox 161 3259 334 3325; x_wconf 89' lang='lat' dir='ltr'>intulerant</span> <span class='ocrx_word' id='word_1_148' title='bbox 353 3261 460 3342; x_wconf 87' lang='lat' dir='ltr'>ignem</span> <span class='ocrx_word' id='word_1_149' title='bbox 484 3259 660 3325; x_wconf 87' lang='lat' dir='ltr'>formidinis</span> <span class='ocrx_word' id='word_1_150' title='bbox 683 3279 780 3344; x_wconf 87' lang='lat' dir='ltr'>ergo,</span> 
     </span>
    </p>

    <p class='ocr_par' dir='ltr' id='par_1_22' title="bbox 27 3365 778 3454">
     <span class='ocr_line' id='line_1_26' title="bbox 27 3365 778 3454; baseline 0.019 -28"><span class='ocrx_word' id='word_1_151' title='bbox 27 3365 76 3432; x_wconf 79' lang='lat' dir='ltr'>sine</span> <span class='ocrx_word' id='word_1_152' title='bbox 94 3374 171 3454; x_wconf 91' lang='lat' dir='ltr'>quod</span> <span class='ocrx_word' id='word_1_153' title='bbox 192 3375 313 3442; x_wconf 90' lang='lat' dir='ltr'>inducti</span> <span class='ocrx_word' id='word_1_154' title='bbox 336 3383 440 3442; x_wconf 84' lang='lat' dir='ltr'>terroe</span> <span class='ocrx_word' id='word_1_155' title='bbox 463 3375 603 3442; x_wconf 85' lang='lat' dir='ltr'>bonitate</span> <span class='ocrx_word' id='word_1_156' title='bbox 626 3376 778 3441; x_wconf 90' lang='lat' dir='ltr'>volebant</span> 
     </span>
    </p>

    <p class='ocr_par' dir='ltr' id='par_1_23' title="bbox 28 3485 879 3690">
     <span class='ocr_line' id='line_1_27' title="bbox 28 3485 879 3577; baseline 0.016 -32"><span class='ocrx_word' id='word_1_157' title='bbox 28 3485 141 3562; x_wconf 88' lang='lat' dir='ltr'>pandere</span> <span class='ocrx_word' id='word_1_158' title='bbox 163 3512 259 3576; x_wconf 85' lang='lat' dir='ltr'>agnos</span> <span class='ocrx_word' id='word_1_159' title='bbox 282 3491 408 3577; x_wconf 87' lang='lat' dir='ltr'>pinguis</span> <span class='ocrx_word' id='word_1_160' title='bbox 431 3497 463 3555; x_wconf 89' lang='lat' dir='ltr'>et</span> <span class='ocrx_word' id='word_1_161' title='bbox 484 3511 603 3574; x_wconf 86' lang='lat' dir='ltr'>pascua</span> <span class='ocrx_word' id='word_1_162' title='bbox 625 3489 762 3558; x_wconf 89' lang='lat' dir='ltr'>reddere</span> <span class='ocrx_word' id='word_1_163' title='bbox 785 3512 879 3570; x_wconf 85' lang='lat' dir='ltr'>rura,</span> 
     </span>
     <span class='ocr_line' id='line_1_28' title="bbox 29 3595 770 3690; baseline 0.013 -29"><span class='ocrx_word' id='word_1_164' title='bbox 29 3595 175 3671; x_wconf 71' lang='lat' dir='ltr'>desieras</span> <span class='ocrx_word' id='word_1_165' title='bbox 196 3606 375 3672; x_wconf 86' lang='lat' dir='ltr'>interficere</span> <span class='ocrx_word' id='word_1_166' title='bbox 397 3613 429 3670; x_wconf 92' lang='lat' dir='ltr'>et</span> <span class='ocrx_word' id='word_1_167' title='bbox 450 3605 607 3671; x_wconf 88' lang='lat' dir='ltr'>ditescere</span> <span class='ocrx_word' id='word_1_168' title='bbox 630 3607 770 3690; x_wconf 89' lang='lat' dir='ltr'>praeda:</span> 
     </span>
    </p>

    <p class='ocr_par' dir='ltr' id='par_1_24' title="bbox 30 3713 1007 4039">
     <span class='ocr_line' id='line_1_29' title="bbox 30 3713 874 3807; baseline 0.013 -31"><span class='ocrx_word' id='word_1_169' title='bbox 30 3731 84 3778; x_wconf 84' lang='lat' dir='ltr'>nan</span> <span class='ocrx_word' id='word_1_170' title='bbox 103 3717 190 3788; x_wconf 85' lang='lat' dir='ltr'>lovea</span> <span class='ocrx_word' id='word_1_171' title='bbox 212 3730 309 3806; x_wconf 85' lang='lat' dir='ltr'>atque</span> <span class='ocrx_word' id='word_1_172' title='bbox 331 3721 399 3804; x_wconf 86' lang='lat' dir='ltr'>igni</span> <span class='ocrx_word' id='word_1_173' title='bbox 421 3719 510 3807; x_wconf 87' lang='lat' dir='ltr'>prius</span> <span class='ocrx_word' id='word_1_174' title='bbox 532 3713 579 3787; x_wconf 84' lang='lat' dir='ltr'>cst</span> <span class='ocrx_word' id='word_1_175' title='bbox 602 3721 749 3789; x_wconf 86' lang='lat' dir='ltr'>venarier</span> <span class='ocrx_word' id='word_1_176' title='bbox 772 3729 874 3788; x_wconf 90' lang='lat' dir='ltr'>ortum</span> 
     </span>
     <span class='ocr_line' id='line_1_30' title="bbox 31 3838 860 3925; baseline 0.008 -28"><span class='ocrx_word' id='word_1_177' title='bbox 31 3845 103 3908; x_wconf 78' lang='lat' dir='ltr'>&lt;rrum</span> <span class='ocrx_word' id='word_1_178' title='bbox 122 3840 245 3925; x_wconf 88' lang='lat' dir='ltr'>saepire</span> <span class='ocrx_word' id='word_1_179' title='bbox 268 3838 383 3925; x_wconf 88' lang='lat' dir='ltr'>plagis.</span> <span class='ocrx_word' id='word_1_180' title='bbox 397 3839 513 3904; x_wconf 87' lang='lat' dir='ltr'>saltum</span> <span class='ocrx_word' id='word_1_181' title='bbox 536 3839 732 3922; x_wconf 88' lang='lat' dir='ltr'>canibusque</span> <span class='ocrx_word' id='word_1_182' title='bbox 755 3840 860 3904; x_wconf 89' lang='lat' dir='ltr'>ciere.</span> 
     </span>
     <span class='ocr_line' id='line_1_31' title="bbox 32 3945 1007 4039; baseline 0.008 -30"><span class='ocrx_word' id='word_1_183' title='bbox 32 3945 157 4032; x_wconf 84' lang='lat' dir='ltr'>quidquid</span> <span class='ocrx_word' id='word_1_184' title='bbox 176 3955 210 4020; x_wconf 93' lang='lat' dir='ltr'>id</span> <span class='ocrx_word' id='word_1_185' title='bbox 232 3961 300 4039; x_wconf 84' lang='lat' dir='ltr'>est,</span> <span class='ocrx_word' id='word_1_186' title='bbox 318 3973 381 4036; x_wconf 89' lang='lat' dir='ltr'>qua</span> <span class='ocrx_word' id='word_1_187' title='bbox 404 3973 538 4037; x_wconf 90' lang='lat' dir='ltr'>cumque</span> <span class='ocrx_word' id='word_1_188' title='bbox 560 3971 579 4019; x_wconf 93' lang='lat' dir='ltr'>e</span> <span class='ocrx_word' id='word_1_189' title='bbox 601 3973 701 4019; x_wconf 91' lang='lat' dir='ltr'>causa</span> <span class='ocrx_word' id='word_1_190' title='bbox 722 3953 888 4022; x_wconf 83' lang='lat' dir='ltr'>flammeus</span> <span class='ocrx_word' id='word_1_191' title='bbox 911 3954 1007 4019; x_wconf 88' lang='lat' dir='ltr'>ardor</span> 
     </span>
    </p>
   </div>
   <div class='ocr_carea' id='block_1_3' title="bbox 62 4128 201 4144">
    <p class='ocr_par' dir='ltr' id='par_1_25' title="bbox 62 4128 201 4144">
     <span class='ocr_line' id='line_1_32' title="bbox 62 4128 201 4144; baseline 0.029 -4"><span class='ocrx_word' id='word_1_192' title='bbox 62 4128 201 4144; x_wconf 68' lang='lat'>··-—-—.</span> 
     </span>
    </p>
   </div>
   <div class='ocr_carea' id='block_1_4' title="bbox 34 4233 1175 4480">
    <p class='ocr_par' dir='ltr' id='par_1_26' title="bbox 34 4233 1175 4480">
     <span class='ocr_line' id='line_1_33' title="bbox 35 4233 1175 4327; baseline 0.016 -35"><span class='ocrx_word' id='word_1_193' title='bbox 35 4245 84 4297; x_wconf 75' lang='grc'>1121</span> <span class='ocrx_word' id='word_1_194' title='bbox 101 4250 199 4318; x_wconf 81' lang='lat' dir='ltr'>Nequod</span> <span class='ocrx_word' id='word_1_195' title='bbox 215 4254 228 4325; x_wconf 74' lang='lat' dir='ltr'>ll</span> <span class='ocrx_word' id='word_1_196' title='bbox 245 4259 310 4308; x_wconf 83' lang='grc'>1225</span> <span class='ocrx_word' id='word_1_197' title='bbox 324 4257 476 4308; x_wconf 77' lang='lat' dir='ltr'>adauctum.</span> <span class='ocrx_word' id='word_1_198' title='bbox 498 4253 511 4324; x_wconf 76' lang='lat' dir='ltr'>il</span> <span class='ocrx_word' id='word_1_199' title='bbox 533 4259 599 4307; x_wconf 88' lang='grc'>1226</span> <span class='ocrx_word' id='word_1_200' title='bbox 614 4257 715 4307; x_wconf 90' lang='lat' dir='ltr'>Summe</span> <span class='ocrx_word' id='word_1_201' title='bbox 736 4255 748 4324; x_wconf 82' lang='grc' dir='ltr'>ΙΙ</span> <span class='ocrx_word' id='word_1_202' title='bbox 771 4259 837 4308; x_wconf 85' lang='grc'>1229</span> <span class='ocrx_word' id='word_1_203' title='bbox 850 4274 866 4307; x_wconf 84' lang='lat' dir='ltr'>a</span> <span class='ocrx_word' id='word_1_204' title='bbox 878 4255 892 4327; x_wconf 79' lang='grc' dir='ltr'>ΙΙ</span> <span class='ocrx_word' id='word_1_205' title='bbox 914 4261 979 4309; x_wconf 79' lang='grc'>1282</span> <span class='ocrx_word' id='word_1_206' title='bbox 992 4261 1094 4322; x_wconf 78' lang='lat' dir='ltr'>aquaria</span> <span class='ocrx_word' id='word_1_207' title='bbox 1107 4259 1121 4327; x_wconf 80' lang='grc' dir='ltr'>Η</span> <span class='ocrx_word' id='word_1_208' title='bbox 1173 4233 1175 4238; x_wconf 16' lang='lat'>⁸</span> 
     </span>
     <span class='ocr_line' id='line_1_34' title="bbox 35 4333 1123 4420; baseline 0.014 -35"><span class='ocrx_word' id='word_1_209' title='bbox 35 4333 134 4388; x_wconf 70' lang='lat' dir='ltr'>iltioni</span> <span class='ocrx_word' id='word_1_210' title='bbox 158 4341 170 4410; x_wconf 76' lang='grc' dir='ltr'>ΙΙ</span> <span class='ocrx_word' id='word_1_211' title='bbox 197 4347 261 4395; x_wconf 81' lang='grc'>1241</span> <span class='ocrx_word' id='word_1_212' title='bbox 283 4353 320 4396; x_wconf 84' lang='lat' dir='ltr'>est</span> <span class='ocrx_word' id='word_1_213' title='bbox 337 4361 416 4410; x_wconf 84' lang='lat' dir='ltr'>acque</span> <span class='ocrx_word' id='word_1_214' title='bbox 442 4345 454 4412; x_wconf 88' lang='grc' dir='ltr'>ΙΙ</span> <span class='ocrx_word' id='word_1_215' title='bbox 482 4345 650 4411; x_wconf 61' lang='grc'>1242391211</span> <span class='ocrx_word' id='word_1_216' title='bbox 675 4343 687 4414; x_wconf 72' lang='grc' dir='ltr'>Η</span> <span class='ocrx_word' id='word_1_217' title='bbox 710 4347 776 4395; x_wconf 85' lang='grc'>1248</span> <span class='ocrx_word' id='word_1_218' title='bbox 795 4346 903 4413; x_wconf 85' lang='lat' dir='ltr'>panguis</span> <span class='ocrx_word' id='word_1_219' title='bbox 924 4343 938 4420; x_wconf 69' lang='lat' dir='ltr'>l}</span> <span class='ocrx_word' id='word_1_220' title='bbox 960 4351 1025 4398; x_wconf 82' lang='grc'>1252</span> <span class='ocrx_word' id='word_1_221' title='bbox 1046 4347 1123 4412; x_wconf 81' lang='lat' dir='ltr'>Quie-</span> 
     </span>
     <span class='ocr_line' id='line_1_35' title="bbox 34 4421 998 4480; baseline 0.016 -12"><span class='ocrx_word' id='word_1_222' title='bbox 34 4421 79 4480; x_wconf 85' lang='lat' dir='ltr'>qnid</span> <span class='ocrx_word' id='word_1_223' title='bbox 991 4431 998 4444; x_wconf 80' lang='lat'>⁸</span> 
     </span>
    </p>
   </div>
   <div class='ocr_carea' id='block_1_5' title="bbox 0 0 1508 5148">
    <p class='ocr_par' dir='ltr' id='par_1_27' title="bbox 0 0 1508 5148">
     <span class='ocr_line' id='line_1_36' title="bbox 0 0 1508 5148; baseline 0 0"><span class='ocrx_word' id='word_1_224' title='bbox 0 0 1508 5148; x_wconf 95' lang='lat' dir='ltr'> </span> 
     </span>
    </p>
   </div>
  </div>
 </body>
</html>
