3036 5150
636 373 668 440 11
1147 373 1207 442 125

112 563 317 610 urrunnun.
335 543 539 610 correctores
554 543 769 626 antiquissimi
785 563 976 607 consnssn
992 548 1023 609 et
1037 545 1207 630 manrfemu

111 666 295 709 narnrssr
311 693 319 708 .
337 653 476 712 ceterum
491 646 525 710 in
540 644 735 710 membranis
751 645 811 710 hoc
825 665 889 711 uno
912 646 983 712 loco
1006 645 1124 730 legitur
1141 671 1206 712 mu-

111 747 250 834 nufesta,
274 749 432 814 Maxuma
452 749 486 813 in
503 767 531 831 v,
544 746 606 814 481
626 794 634 810 .
658 746 690 812 in
712 746 852 832 epistula
874 748 916 814 ad
939 748 1105 815 Hebraeos
1127 749 1206 834 v1,8

112 849 370 916 Claromontanus
385 848 488 915 codex
504 849 590 934 apud
605 847 809 914 Sabatariunr
818 874 1001 937 procoma,
1022 850 1109 934 quod
1129 869 1208 916 sano
1233 839 1240 850 '

111 953 213 1018 mirum
236 957 307 1019 cst.
330 953 377 1018 ita
391 957 499 1018 tamen
515 951 641 1016 Nonius
655 970 784 1034 quoqne
805 973 838 1037 p.
853 951 926 1038 441,
940 953 981 1020 28
1001 978 1109 1020 oerum
1123 967 1207 1020 utro-

110 1079 230 1141 rumque
256 1054 420 1120 verboram
452 1055 535 1120 ratio
567 1055 624 1120 aab
646 1055 704 1119 bac
726 1054 940 1139 oiqaificaatc‘a
969 1079 1131 1142 procoma
1164 1069 1208 1122 eat

110 1158 244 1223 uenisti.

187 1259 258 1326 872.
281 1279 355 1322 curs
377 1279 452 1322 s1n1
473 1277 610 1322 insons
633 1277 698 1321 ssu
714 1305 722 1322 .
740 1256 906 1326 Corrector
926 1258 1075 1344 quadrati
1095 1266 1126 1326 et
1139 1261 1208 1346 ple-

112 1363 194 1445 rique
216 1361 272 1426 alii
295 1382 415 1424 uacus
438 1373 506 1426 est.

188 1465 258 1532 875.
287 1463 471 1528 Vsaruan
499 1483 538 1526 sn
565 1485 693 1528 snuvrr
725 1486 762 1528 ru
795 1484 963 1528 racanas
990 1485 1033 1528 sn
1060 1485 1204 1530 rannus

110 1587 220 1630 naurs
244 1567 286 1630 Is
308 1585 500 1630 recubas.
517 1566 614 1631 Recte
636 1567 811 1634 Lambinus
833 1589 982 1652 anuum,
1001 1567 1154 1652 frondes,
1178 1583 1206 1634 ot

108 1669 220 1752 pabala
245 1669 349 1733 laeto.
371 1673 406 1732 at
427 1669 602 1752 supraoao
625 1669 730 1754 idem,
753 1675 788 1736 ut
810 1669 870 1736 snit
893 1670 987 1736 bomo
1009 1670 1111 1754 leuis,
1135 1690 1206 1737 oum

111 1771 235 1836 Marullo
248 1769 377 1856 fluidos
389 1769 547 1856 srucdeis
575 1786 603 1838 et
621 1773 742 1858 pabola
764 1773 872 1841 laeta.
895 1773 938 1838 ibi
961 1771 1204 1858 Wakefieldus,

111 1873 219 1957 quique
235 1873 264 1938 ci
281 1873 404 1938 dictata
418 1872 557 1938 reddunt
569 1874 730 1960 ‚fluidam
747 1875 780 1940 in
797 1874 858 1941 boc
873 1895 969 1942 versu
983 1876 1018 1940 ia
1030 1874 1203 1959 frondeis.

186 1977 257 2043 882.
285 1998 328 2039 as
351 1995 451 2038 lours
474 1995 592 2040 onnus
614 1997 780 2042 vassas.
803 1979 846 2043 Et
871 1999 907 2040 ru
933 1978 1019 2062 {quio
1046 1976 1205 2042 Antonius

109 2077 192 2144 llarii
214 2087 246 2146 ct
269 2078 443 2144 llamllus.

185 2181 256 2246 888.
285 2181 340 2246 Ex
362 2201 621 2246 sasnusrnrsus
647 2203 692 2246 aa
720 2203 862 2246 csenss
891 2203 1045 2246 snasrnn
1073 2203 1204 2250 cusan.

7 2337 9 2366 q
111 2281 283 2348 Priscianus
294 2302 325 2367 p.
338 2281 402 2347 632
416 2283 471 2348 la
482 2285 653 2369 praeterito
663 2285 781 2372 plausi
788 2285 992 2372 plausibttio,
1008 2287 1096 2350 aeusi
1107 2287 1204 2352 σαπεί-

109 2383 174 2449 bilis
183 2385 231 2452 uel
240 2384 388 2451 uenatu.
405 2384 618 2452 [secretioria
632 2386 768 2452 secundo
779 2387 834 2452 Ea
848 2388 1029 2453 ebeeambt'lt'
1039 2413 1078 2454 ae
1093 2388 1204 2454 credas

7 2571 8 2582 ἵ
109 2487 213 2553 sensile
233 2488 327 2552 nasci
341 2535 349 2550 .
365 2505 471 2571 nequo
494 2488 587 2556 aliter
606 2508 625 2554 e
641 2489 808 2555 Prisciano
831 2489 1059 2574 grammaticus
1081 2491 1203 2558 saeculi

109 2585 278 2654 duodecimi
302 2589 334 2653 in
358 2589 539 2656 auctoribus
562 2590 707 2658 classicis
730 2591 826 2676 Maii,
848 2599 934 2658 tomo
950 2613 1016 2678 vnn,
1032 2592 1149 2680 p.515.

185 2691 254 2758 891.
285 2691 403 2756 Innun
425 2713 461 2754 sa
484 2713 542 2756 ars
564 2713 699 2758 nemun
720 2714 838 2758 sanus
861 2714 1064 2758 mannassen
1086 2717 1202 2760 necn-

110 2811 181 2860 nrn.
197 2791 362 2860 Corrcctor
384 2794 533 2877 quadrati
556 2801 683 2881 etpost
705 2815 777 2862 eum
800 2815 911 2862 omnes
933 2817 1093 2860 nscssrn
1106 2850 1113 2866 .
1126 2817 1203 2881 qua-

111 2891 209 2961 dratus
219 2895 336 2962 sedus:
350 2897 509 2964 Avantius
523 2917 662 2982 aasus3
678 2896 774 2981 ‘quod
787 2897 933 2964 Bentleio
945 2899 1115 2983 placuisse,
1131 2919 1202 2964 cunr

110 2993 193 3062 Wak.
208 2997 315 3063 miror'
337 2998 443 3084 inquit
457 2999 633 3084 Forbiger‚
649 3000 699 3066 cui
711 3000 834 3088 foedae
853 2998 985 3086 probari
1007 3019 1072 3065 non
1094 3001 1201 3068 miror.

184 3099 255 3166 893.
291 3099 647 3166 Snusrarsarnurno
673 3123 722 3166 un
745 3124 852 3166 cronr
873 3123 1010 3166 nrcusa
1040 3123 1200 3167 suasus.

110 3197 281 3276 Quadratus
303 3202 444 3270 Scaudio
459 3217 501 3270 'et
529 3205 664 3292 ternplo.
686 3204 842 3272 Marullus
865 3206 1045 3290 Sensus,
1067 3226 1112 3268 nn
1135 3226 1201 3270 sx-

109 3321 242 3369 rnrmno
264 3305 470 3388 Naugerius.

182 3409 252 3474 902.
291 3409 436 3472 Damna
469 3429 515 3472 nx
548 3429 765 3474 ssusrnrsus
799 3431 866 3482 our
898 3430 1053 3474 ssusrnn
1087 3431 1200 3476 rossa

107 3528 234 3574 casaur
256 3509 525 3578 Gonsrsnuunr
546 3531 667 3576 ronan
697 3533 745 3575 nx
767 3531 867 3574 suns
890 3532 1047 3578 scurras
1071 3535 1200 3600 susus,

105 3607 243 3677 bonnus
270 3633 343 3678 cunr
369 3633 532 3678 sscrunr
556 3663 564 3679 .
588 3613 648 3679 Hic
676 3614 871 3698 Lambinus,
899 3633 970 3680 cum
1001 3622 1107 3683 cetera
1135 3637 1200 3684 non

104 3716 308 3800 perspiceret,
331 3721 418 3782 recte
445 3715 618 3799 legendum
641 3713 723 3782 vidit
744 3739 785 3781 ec
806 3715 883 3782 alim
904 3719 1020 3784 sentim
1041 3739 1198 3805 sununs,

104 3812 157 3880 boc
177 3823 224 3884 est
246 3837 288 3883 ex
310 3817 385 3884 aliis
406 3817 600 3884 sensilibus:
623 3816 795 3884 Oreeohius
823 3819 909 3883 omui
933 3821 1093 3886 sententia
1113 3829 1199 3888 recte

104 3927 244 4004 percepta
258 3920 406 4006 Denique
415 3921 592 4008 priamidis
606 3921 666 4007 qui
676 3919 812 3986 secale:
834 3927 967 4005 uterque
989 3942 1103 4007 parum
1125 3930 1200 4008 apte

104 4017 209 4086 Mollia
231 4034 296 4087 tum
307 4021 443 4108 faciant
455 4070 463 4086 .
477 4021 648 4090 Oroeobius
664 4022 727 4088 nisi
742 4028 811 4088 arte
826 4042 940 4106 parum
956 4025 1131 4110 valuisset,
1147 4045 1200 4092 vc-

105 4137 165 4185 rum
186 4122 296 4190 videre
317 4129 465 4209 poterat:
488 4123 584 4192 debet
606 4125 690 4190 enim
713 4123 808 4190 scribi
822 4125 948 4192 Deuade
962 4147 1007 4191 ss
1019 4177 1027 4210 ,
1051 4149 1198 4192 snurnr-
1271 4155 1278 4165 ·

106 4239 163 4284 nna
185 4227 242 4312 qai
257 4225 373 4292 sensile
388 4249 482 4312 posse
496 4227 604 4293 creari
616 4226 814 4294 Constiterant
823 4251 923 4314 porro
939 4253 979 4295 cx
993 4231 1070 4296 alitis
1084 4233 1200 4296 acatius

107 4326 209 4410 mdis,
232 4328 346 4394 Mollia
367 4349 432 4392 rsn
444 4328 661 4415 subtantiis
683 4329 729 4394 ita
751 4330 931 4410 constitutis
946 4333 1028 4398 ratio
1044 4332 1076 4396 in
1091 4331 1198 4416 proxi·

108 4423 159 4490 nis
172 4430 315 4514 exposita
329 4435 364 4496 ut
378 4430 549 4516 procedat,
564 4432 686 4515 aliquot
697 4432 858 4499 litterulae
873 4433 1090 4500 immutandae
1105 4438 1196 4498 sunt.

111 4547 171 4593 nom
191 4555 296 4599 somus
317 4535 461 4622 s'anqu'tur
483 4535 584 4600 oracio
613 4535 790 4602 Vobeersbas
800 4585 809 4620 ,
834 4538 939 4603 ramula
949 4586 959 4619 ,
981 4537 1069 4602 ucat'o
1079 4559 1091 4620 ;
