3020 5146
346 455 405 518 140
458 393 462 400 ·
879 442 944 508 IllI

340 620 403 684 boc
424 618 497 682 ideo
521 617 589 682 ficri
612 616 698 697 cogit
720 612 950 697 natura,quod
974 631 1084 678 omnes

340 732 484 818 corporis
508 731 613 797 offecti
636 749 750 796 sensus
773 747 831 813 per
853 727 997 791 membra
1019 725 1186 808 quiescunt

343 867 401 912 nec
423 851 557 930 possunt
579 843 693 910 fulsum
716 843 801 908 voris
823 841 1011 908 convincere
1034 840 1151 906 rebus.

273 984 321 1030 ree
347 969 515 1045 praetereo
537 960 719 1025 meminisse
740 958 824 1022 lecet
845 957 1039 1038 languetque
1061 939 1196 1039 sopore,

344 1096 403 1140 uec
425 1075 573 1142 dissentit
596 1093 667 1139 enm
692 1072 802 1137 mortis
824 1070 942 1152 letique
964 1069 1097 1154 potitum

345 1189 406 1254 iam
430 1187 575 1274 pridem,
592 1207 684 1269 quem
709 1207 799 1252 mens
820 1187 925 1250 vivom
948 1203 984 1250 se
1006 1203 1136 1250 cernere
1158 1182 1278 1248 eredit.

273 1348 274 1352 =
343 1304 427 1386 quod
450 1321 547 1386 super
569 1310 637 1385 est,
654 1323 718 1366 non
743 1307 792 1367 est
814 1299 925 1364 mirum
949 1299 1120 1364 simulacre
1142 1298 1261 1362 moveri

343 1417 558 1498 bracchiaque
580 1417 612 1480 in
635 1435 800 1480 numerum
824 1414 942 1480 lentare
965 1419 996 1478 et
1018 1419 1126 1478 cetera
1148 1413 1317 1478 ruembra.

270 1555 318 1600 mo
343 1553 416 1598 nam
439 1533 474 1596 fit
495 1538 529 1594 ut
550 1531 582 1594 in
605 1530 726 1594 somnis
748 1529 853 1594 secere
876 1529 937 1594 hoe
958 1528 1103 1594 videatur
1124 1526 1252 1619 imsgo:

344 1647 463 1732 quippe
477 1697 485 1732 ,
501 1647 553 1712 ubi
576 1646 679 1730 prima
702 1644 785 1728 perit
807 1644 936 1726 alioque
959 1649 1009 1708 est
1029 1643 1131 1708 altera
1154 1649 1231 1708 unte

346 1763 422 1827 inde
444 1768 550 1844 statu,
567 1760 653 1844 prior
673 1759 725 1824 hio
748 1765 874 1840 gestum
898 1764 1040 1824 mutasse
1063 1757 1208 1823 videtur.

343 1877 484 1961 scilicet,
501 1875 533 1940 id
555 1874 622 1940 lieri
647 1873 742 1940 celeri
765 1873 888 1938 rationo
909 1871 1136 1956 putandumst:

343 1997 431 2056 tanta
453 1998 501 2056 eet
522 1989 683 2054 mobilitas
706 1995 738 2054 et
760 2007 863 2053 rerum
887 1988 981 2072 copia
1003 1993 1110 2063 tenta,

269 2127 318 2173 rus
343 2111 496 2186 tantoque
519 2103 661 2168 sensibili
685 2103 798 2185 quovis
821 2109 871 2168 est
892 2109 1035 2188 tempore
1056 2102 1088 2167 in
1111 2121 1175 2166 uno

343 2218 437 2302 copia
459 2218 686 2301 particulorum
701 2269 708 2292 ,
725 2224 759 2280 ut
780 2217 883 2301 possit
904 2217 1129 2301 suppeditare.

383 2330 563 2418 [Multoque
587 2331 620 2396 iu
643 2332 692 2398 bis
714 2333 810 2396 rebus
833 2338 1046 2416 quaeruntur,
1063 2331 1230 2414 multaque
1253 2337 1358 2403 nobis

343 2446 578 2531 clarendune,
595 2447 692 2531 plane
713 2447 741 2512 si
763 2465 814 2512 res
837 2466 997 2531 exponere
1019 2467 1170 2512 evemus.

344 2561 506 2643 quaeritur
528 2561 561 2624 in
584 2561 694 2645 primis
717 2581 837 2646 quare,
853 2559 941 2643 quod
964 2561 1079 2643 cuique
1101 2561 1200 2628 libido

270 2697 319 2742 rso
344 2675 486 2758 venerit,
504 2675 662 2759 extemplo
686 2694 777 2740 meus
799 2675 917 2757 cogitet
939 2677 1007 2742 eius
1028 2675 1063 2740 id
1084 2676 1211 2760 ipsum.

343 2809 428 2854 enne
451 2789 645 2866 voluntatem
669 2795 808 2856 nostram
832 2791 1002 2856 simulacre
1023 2797 1168 2866 tuentur,

343 2909 374 2969 ct
395 2904 489 2970 simul
512 2923 550 2968 ae
572 2905 717 2970 volumus
740 2905 832 2970 nobis
855 2905 992 2970 occurrit
1013 2905 1150 2986 imago?

270 3040 318 3088 ms
341 3019 429 3102 ,quod
452 3020 607 3086 sentimus
630 3019 662 3083 id
685 3027 754 3102 est,
771 3041 840 3085 cum
863 3039 926 3084 vox
950 3019 1101 3084 emittitur
1122 3041 1207 3104 uua,

270 3155 318 3202 res
344 3135 370 3199 si
393 3153 500 3217 mare,
517 3135 545 3198 si
568 3141 684 3198 terram
708 3133 890 3208 cordist,si
914 3133 1050 3216 denique
1073 3135 1226 3200 ceolum?

344 3255 518 3314 conventus
540 3248 723 3330 bominum,
740 3269 910 3333 pompam,
927 3249 1092 3333 convivia,
1108 3267 1257 3334 pugnes,

272 3383 320 3430 ms
346 3361 454 3426 omnin
477 3363 535 3428 sub
557 3364 699 3428 verbone
722 3369 810 3426 creet
831 3368 947 3428 natura
969 3363 1156 3447 paratque?

344 3497 415 3541 cum
437 3477 625 3560 praesertim
650 3475 723 3548 eliis
746 3476 859 3542 eodem
882 3477 914 3541 in
938 3476 1072 3558 regione
1094 3477 1230 3560 locoque

343 3591 440 3676 longe
464 3590 628 3656 dissimilis
651 3591 777 3656 enimus
799 3610 851 3656 res
874 3590 992 3672 cogitet
1014 3593 1139 3657 omnis.

346 3706 420 3786 quid
443 3725 560 3790 porro,
576 3704 609 3768 iu
633 3724 799 3770 numerum
821 3704 996 3788 procedere
1018 3725 1089 3774 eum
1112 3706 1288 3772 simulacre

344 3820 504 3885 ceruimus
526 3820 558 3884 ln
582 3820 702 3886 somnis
726 3827 759 3885 et
780 3820 892 3886 mollia
914 3821 1056 3886 membra
1078 3841 1224 3904 morere,

272 3954 320 4000 roo
345 3934 474 4018 mollia,
491 3933 650 3999 mobiliter
670 3953 741 3998 eum
763 3934 896 4000 alternis
919 3935 1068 4002 bracchia
1091 3935 1215 4000 nrittunt

347 4053 379 4114 et
399 4049 538 4114 referunt
559 4049 660 4114 oculis
683 4056 806 4133 gestum
829 4050 914 4133 pede
936 4051 1163 4116 convenienti?

345 4163 486 4248 scilicet,
503 4170 571 4230 arte
594 4163 724 4230 madent
747 4164 920 4230 simulacre
942 4169 974 4229 ot
995 4163 1090 4230 docte
1111 4169 1292 4248 vagantur,

352 4416 400 4462 766
420 4413 510 4476 litique
530 4410 543 4482 Η
566 4417 614 4464 795
634 4414 812 4466 Consentimuc
833 4412 846 4481 Η
868 4419 915 4464 llil
936 4423 1050 4478 repetunt
