3096 5142
672 363 700 428 V
1178 362 1242 432 299

133 575 173 587 -
185 539 310 626 possim
319 586 329 620 ‚
344 537 379 602 in
393 555 437 620 nv,
448 533 511 602 641
527 536 738 602 commembres
754 583 761 599 .
777 553 848 600 cnm
868 535 1027 618 quadrato
1047 534 1187 602 concinit
1207 535 1242 602 in

133 662 165 724 ιι,
177 640 240 708 245
255 638 422 706 uideamus
436 641 468 704 et
489 637 523 702 in
538 658 581 720 ιι,
593 637 656 704 725
670 638 815 724 optare.-
829 635 888 703 sed
909 657 1023 704 versus
1032 637 1120 704 'libri
1135 659 1165 723 v,
1178 637 1242 706 952

133 745 164 810 in
186 741 347 828 quadrato
374 745 424 808 est
450 739 533 807 inter
555 741 778 824 extraduce,
800 759 905 824 neque
926 739 1003 806 mibi
1030 739 1243 826 improbabile

133 846 259 914 videtur
286 845 357 930 ipso
380 843 527 910 codicum
554 849 736 909 nostrornm
765 842 940 929 archetypo
966 863 1060 910 usum
1086 862 1159 910 esse
1184 842 1241 928 qui

132 949 210 1016 haec
237 951 391 1032 excerpta
416 943 577 1030 confecit,
601 946 657 1030 qui
688 965 753 1012 non
782 945 842 1012 snit
873 944 993 1012 codicis
1020 945 1244 1030 Sangallensis

132 1053 290 1138 scriptor.
306 1050 421 1116 horum
436 1054 659 1133 excerptorum
673 1049 751 1114 mihi
767 1048 894 1134 copiam
909 1047 986 1114 lecit
1000 1046 1074 1116 Otto
1089 1047 1242 1116 Iahnius.

131 1156 212 1222 llice
235 1151 433 1220 Oentulanns
458 1151 577 1237 levita,
599 1151 654 1235 qui
676 1151 758 1218 vixit
780 1149 893 1218 eodem
915 1151 1046 1217 saeculo
1068 1170 1154 1217 nono
1176 1152 1243 1218 ine

131 1264 229 1340 unte,
251 1257 285 1322 in
306 1253 450 1322 libellum
472 1272 537 1338 quo
559 1253 709 1340 exempla
729 1253 919 1338 quantitatis
941 1252 1172 1320 vocabulorum
1195 1274 1245 1320 ur-

132 1359 206 1425 dine
228 1356 433 1443 alphabetico
456 1355 605 1440 collegit,
621 1359 686 1422 tres
701 1355 841 1422 Lucretii
860 1375 973 1424 versus
996 1374 1015 1421 e
1035 1354 1119 1421 libre
1134 1377 1167 1441 u,
1178 1355 1242 1422 447

134 1462 194 1528 128
209 1461 275 1528 365
296 1457 452 1526 coniecit:
472 1457 506 1524 in
526 1458 595 1524 eins
617 1458 718 1526 libelli
741 1457 852 1526 codice
868 1456 1147 1526 Helbersmdiensi
1174 1477 1244 1525 sae-

131 1563 204 1630 culo
228 1561 470 1630 tertiodecimo
497 1560 640 1645 scripto,
664 1580 759 1645 quem
785 1561 863 1628 mihi
889 1560 1064 1629 Mauricius
1085 1559 1243 1645 Hauptius

131 1665 298 1748 ostendit,
321 1665 475 1750 scriptum
507 1669 557 1730 est
588 1668 625 1728 us
653 1661 750 1730 debet
774 1664 932 1732 Dec-ivero
958 1675 1074 1751 queunt
1103 1663 1244 1728 casinum

130 1790 271 1854 ucraque
293 1768 421 1849 leuare,
444 1784 516 1832 cum
538 1763 716 1850 quadratus
744 1765 862 1834 habeat
883 1768 1062 1849 Damnare,
1086 1764 1244 1848 oblongus

130 1889 151 1936 a
171 1876 354 1937 correctore
376 1873 535 1955 maraque.

214 1973 290 2040 563.
335 1973 557 2041 (insinuens
589 1991 752 2039 nunnus.
785 1970 860 2039 Itali
893 1976 926 2039 et
958 1970 1113 2038 Marullus
1147 1968 1242 2036 (lou-

130 2097 315 2142 insonus.

215 2177 290 2246 566.
313 2199 421 2244 uenus
436 2197 579 2243 ιιιιιιιιι
593 2197 759 2241 nossuun
774 2177 969 2244 Ancucsaa
982 2224 991 2240 .
1005 2175 1155 2244 Adls'ocrc
1170 2195 1243 2242 cum

130 2285 172 2350 sit
185 2285 292 2349 ιάοιιιι·
303 2283 356 2350 vel
371 2281 513 2348 adiectus·
521 2279 733 2364 contrarium,
750 2281 843 2348 unice
858 2301 969 2348 verum
985 2278 1136 2364 estquod
1151 2279 1243 2346 Lam·

130 2386 228 2452 binus
248 2385 357 2471 posuit
378 2383 516 2470 (urbane
530 2382 688 2465 Furbiger
704 2401 745 2448 ex
760 2383 829 2450 eins
851 2383 982 2469 ingenio
994 2384 1135 2470 flaccius
1150 2380 1242 2467 dicit)

129 2489 305 2572 Adiiccrc,
327 2487 391 2552 nisi
417 2485 504 2570 quod
532 2490 588 2552 ant
614 2490 767 2552 consueto
789 2492 933 2553 vetemm
960 2504 1049 2552 more
1072 2487 1243 2550 Anxurus

130 2588 336 2658 scribendum
358 2595 427 2673 est,
447 2593 504 2654 aut
525 2588 630 2654 minus
651 2589 801 2673 vulgari,
822 2587 864 2656 de
885 2609 949 2674 quo
972 2587 1040 2654 dixi
1063 2586 1107 2654 ad
1127 2586 1244 2653 librum

130 2715 163 2778 ιι,
178 2692 242 2760 951
257 2741 266 2776 ,
282 2689 457 2758 Adiecere.

216 2793 291 2860 568.
316 2795 432 2860 Ninus
452 2813 528 2856 assu
549 2815 797 2858 nunnavsums
818 2815 866 2858 nn
889 2814 1058 2860 cosroen
1084 2813 1244 2858 amasus

130 2899 371 2964 Fusnusauu
387 2944 396 2960 .
416 2895 577 2962 Antonius
591 2895 685 2963 Marii
699 2897 819 2983 Nilqac
833 2899 901 2963 achi
913 2921 953 2963 cn
967 2896 1145 2963 interualla
1154 2943 1163 2978 ,
1179 2913 1243 2978 quo

130 3001 217 3067 male
239 2998 375 3085 probate
396 2997 492 3082 (nihil
515 2998 599 3064 enim
621 2998 666 3066 ad
687 2999 879 3065 sententiam
901 2997 992 3082 lacit)
1005 2999 1161 3064 hlamllus
1178 3017 1244 3064 rec

130 3104 254 3170 tissime
284 3100 413 3186 scripsit
440 3121 601 3165 nunnus.
633 3101 817 3184 Naugerius
843 3101 904 3166 Nil
934 3102 1015 3187 epse
1047 3101 1243 3183 insensiles,

131 3205 308 3273 Lambinus
330 3203 399 3268 illa
421 3204 494 3290 ἔρια
514 3203 684 3270 intervalla
708 3203 792 3269 eicit
804 3251 813 3286 ,
837 3203 987 3270 (litanias
1009 3203 1070 3268 Nil
1089 3205 1177 3269 umus
1197 3204 1245 3268 t’m·
1268 3288 1272 3297 Ι

131 3307 286 3391 malls,
302 3303 525 3372 Wakefieldus
540 3305 637 3371 Nihil
645 3307 719 3394 spec
728 3305 900 3372 dumwallo
910 3307 946 3371 s'a
958 3307 1024 3388 seb,
1040 3304 1244 3372 llichstadins

131 3413 191 3478 Nsl
219 3411 337 3476 muheres
363 3405 718 3474 immedeshusun
743 3406 825 3472 nihil
852 3427 963 3474 rernm
990 3427 1062 3476 esse
1088 3413 1243 3494 apparet:

131 3509 397 3579 llichstadianum
423 3511 458 3576 in
486 3509 600 3596 primis
621 3507 769 3575 inhabile
791 3514 860 3594 est,
881 3527 945 3592 quo
967 3509 1059 3595 ipsae
1080 3511 1245 3578 radiorum

93 3663 98 3674 .
131 3613 324 3682 emissiones
346 3619 434 3680 tanto
457 3610 627 3678 intervallo
655 3609 760 3676 sactae
782 3611 864 3677 nihil
885 3611 927 3678 de
955 3611 1155 3679 flammarum
1178 3634 1245 3680 cor-

131 3737 211 3801 pore
227 3715 426 3781 decorticare
442 3714 609 3782 dicuntur:
625 3711 776 3797 probavit
790 3715 874 3780 enim
890 3715 1009 3780 libram
1018 3765 1027 3798 ,
1043 3735 1108 3780 non
1124 3716 1244 3782 libam.

131 3817 209 3884 mihi
233 3816 311 3900 qnid
333 3817 499 3884 Lucretius
522 3815 648 3881 dederit
678 3821 763 3880 certo
786 3815 850 3881 dici
881 3835 978 3902 posse
1005 3837 1068 3884 non
1095 3818 1245 3884 videtur:

131 3920 190 3987 sed
221 3918 373 4003 quoniam
402 3920 516 4006 spatia
548 3917 609 3984 hoc
638 3917 895 3984 commodissime
921 3918 1115 3986 adscribitur
1141 3928 1175 3986 ut
1204 3919 1245 3986 de

132 4023 258 4106 ignium
280 4040 414 4106 corpore
436 4026 493 4086 aut
514 4019 639 4105 aliquid
666 4025 722 4084 aut
747 4019 829 4085 nihil
855 4019 957 4087 libent
979 4021 1170 4102 demantve‚
1190 4044 1245 4109 po·

131 4131 196 4191 test
217 4125 298 4190 satis
320 4131 395 4209 apte
418 4123 522 4189 hiatus
545 4124 591 4189 ita
613 4119 760 4208 expleri,
780 4123 907 4188 Nilus
927 4143 963 4186 ru
986 4145 1045 4188 nus
1067 4126 1233 4192 ictemcll'

133 4227 173 4294 ds
194 4249 323 4314 corpore
345 4228 445 4294 eseam
466 4227 707 4292 Flammarum.

218 4328 291 4395 570.
313 4327 387 4398 574,
410 4329 649 4394 Paavauuuun
664 4346 829 4392 nosnacs
843 4347 891 4391 sn
914 4350 1070 4414 causus,
1087 4351 1130 4392 nn
1149 4350 1245 4394 noca

132 4451 329 4495 succursu.
353 4431 442 4498 Haec
463 4431 541 4516 quia
566 4448 631 4496 non
661 4428 705 4494 ad
735 4429 843 4496 lumen
874 4431 976 4516 solis,
1000 4431 1059 4498 sed
1090 4429 1132 4498 ad
1162 4431 1244 4498 cclc-

133 4556 201 4599 rcm
233 4532 397 4620 lumenque
430 4533 599 4620 propincum
632 4537 801 4618 spectant,
829 4551 895 4598 non
927 4531 1114 4616 sufiiciunt;
1141 4551 1246 4618 neque
