3052 5144
638 1283 687 1365 Τ.
717 1281 1012 1368 LUCRETI
1043 1283 1199 1370 CARI

461 1519 581 1616 DE
626 1517 949 1621 RERUM
993 1523 1368 1628 NATURA

702 1767 843 1832 LIBER
869 1767 1136 1835 SECUNDUS.

355 2238 492 2372 suave,
516 2289 597 2352 mari
621 2309 736 2371 magno
759 2289 958 2353 turbantibus
981 2309 1124 2371 aequora
1145 2292 1269 2373 ventis,

354 2420 372 2466 e
395 2407 481 2466 terra
504 2423 654 2486 maguum
678 2404 811 2468 ulterius
834 2409 978 2486 spectare
1002 2405 1166 2486 laborem3

354 2537 418 2580 non
442 2517 519 2598 quia
541 2517 649 2582 vexari
673 2524 897 2600 quemquamst
920 2518 1060 2583 iucunda
1082 2519 1250 2604 voluptas,

353 2631 411 2697 sed
435 2633 550 2713 quihus
572 2633 642 2715 ipse
665 2632 760 2696 maiis
783 2652 895 2698 careas
919 2633 995 2714 quia
1018 2651 1147 2698 cernere
1170 2653 1269 2700 suave
1292 2641 1359 2700 est:

313 2767 328 2812 s
355 2766 454 2812 suave
478 2748 574 2811 etiarn
598 2747 674 2811 belli
698 2747 871 2812 certamina
892 2767 1011 2828 magna
1033 2749 1113 2812 tueri

314 2881 329 2930 ⁵
355 2879 412 2945 per
435 2880 567 2947 campus
590 2862 763 2944 instructa,
787 2867 844 2925 tua
866 2861 935 2926 sine
958 2867 1050 2946 parte
1072 2861 1202 2946 pericli:

316 2996 328 3042 r
355 2974 412 3040 sed
435 2977 481 3040 nil
503 2976 629 3043 dulcius
651 2984 718 3060 est,
742 2977 824 3042 benc
848 2995 944 3059 quam
966 2976 1088 3038 munita
1110 2985 1218 3041 tenere

353 3089 441 3155 edita
463 3089 608 3156 doctrina
631 3092 813 3176 sapientum
835 3091 955 3174 templu
978 3109 1114 3166 serena,

356 3203 523 3287 despicere
545 3205 631 3272 unde
655 3225 757 3290 queas
777 3206 860 3270 alins
882 3205 1066 3290 passimque
1089 3205 1197 3270 videre

299 3341 330 3387 ιο
356 3337 463 3384 errare
486 3325 583 3400 atque
606 3321 691 3386 viam
712 3321 854 3406 palantis
877 3305 1030 3402 quaerere
1052 3319 1158 3397 vitae,

355 3439 477 3500 certare
499 3434 649 3520 ingenio,
673 3435 866 3501 contendere
888 3434 1075 3517 nobilitate,

355 3553 466 3612 noctes
489 3553 584 3630 atque
608 3549 676 3614 dies
699 3550 755 3614 niti
778 3555 963 3634 praestante
986 3549 1097 3614 labore

355 3663 397 3728 ad
420 3681 562 3728 summas
585 3681 749 3748 emergere
772 3685 849 3749 opes
872 3681 1043 3744 rerumque
1065 3663 1181 3748 potiri.

357 3801 376 3843 o
398 3777 534 3842 miseras
556 3777 720 3842 hominurn
742 3787 884 3863 mentes,
907 3799 926 3843 o
949 3783 1080 3862 pectora
1103 3777 1221 3842 casca!

302 3915 332 3962 15
357 3893 507 3976 qualibus
529 3893 562 3957 in
584 3893 726 3958 tenebris
748 3893 832 3958 vitae
855 3892 1046 3975 quantisque
1068 3891 1197 3977 periclis

355 4006 483 4090 degitur
505 4007 566 4073 hcc
589 4008 660 4072 aevi
683 4007 768 4089 quud
791 4008 976 4089 cumquest!
999 4025 1105 4071 nonne
1126 4006 1235 4072 videre

356 4123 401 4188 nil
424 4121 515 4188 aliud
537 4123 598 4189 sibi
621 4127 768 4188 naturam
790 4123 929 4201 latrare,
952 4121 1014 4187 nisi
1036 4127 1089 4206 ut,
1113 4121 1164 4186 eui

356 4281 477 4288 --.-.--
491 4284 501 4288 -
508 4283 557 4289 --.-

359 4370 390 4418 12
409 4367 530 4434 plsbcrs.
551 4365 564 4437 ΙΙ
587 4371 618 4419 15
638 4367 756 4432 perietis.
777 4365 791 4435 11
814 4370 845 4416 11
866 4367 926 4429 qui.
