3020 5146
553 465 580 529 V

34 633 129 716 quidve
149 637 220 700 moli
243 635 349 701 fuerat
369 636 464 702 nobis
486 655 550 700 non
574 653 645 701 esse
667 637 811 702 crectis?

30 757 107 814 natos
126 751 203 816 enim
226 751 322 816 debet
343 751 396 832 qui
420 770 559 833 cumque
581 756 630 816 est
650 751 734 816 velle
754 769 884 816 nronere

29 861 54 926 in
76 863 151 941 rita,
166 863 267 930 donec
290 865 437 930 retinebit
460 865 581 930 blondo
602 866 772 949 voluptas:

30 978 69 1058 qni
92 999 252 1060 numquam
275 999 352 1045 vero
373 981 458 1045 vitae
480 979 619 1062 gustavit
640 999 781 1044 amorem

31 1113 74 1156 neo
91 1092 143 1158 snit
162 1094 193 1158 in
214 1115 367 1178 nurnero,
387 1095 462 1176 quid
486 1095 577 1161 obest
599 1115 663 1160 non
686 1113 757 1160 esse
779 1094 951 1160 creatum?

31 1208 182 1290 ereorplnnr
202 1231 298 1292 porro
321 1207 494 1292 gignundis
517 1209 614 1273 rebus
636 1215 668 1273 et
689 1210 760 1294 ipsa

31 1322 130 1387 notities
151 1323 311 1388 hominum
335 1322 384 1388 dis
405 1322 491 1388 unde
514 1329 563 1388 est
585 1323 681 1388 insita
703 1324 859 1408 primum,

32 1435 88 1514 qnid
107 1437 215 1502 vellent
235 1438 344 1502 fecere
365 1444 400 1501 nt
422 1437 540 1503 scirent
560 1439 732 1519 animoque
755 1439 919 1516 viderent,

32 1567 111 1627 quove
130 1551 250 1617 modost
272 1571 422 1634 umquem
444 1552 494 1618 vis
517 1554 646 1634 cognita
667 1553 913 1638 principiorum,

31 1662 143 1744 quidque
163 1665 244 1731 inter
266 1685 340 1732 sese
361 1675 540 1751 permutato
563 1669 673 1734 ordine
696 1675 848 1753 possent,

29 1775 49 1838 si
66 1798 117 1842 non
137 1779 204 1863 ipss
226 1780 318 1846 dedit
339 1782 500 1866 specimen
522 1789 638 1847 natura
660 1783 819 1848 creandi?

30 1910 140 1973 nomque
160 1894 203 1958 ila
225 1896 328 1970 multa
349 1895 453 1962 modis
476 1897 583 1962 multis
605 1897 781 1981 primordio
803 1917 908 1964 rerum

33 2023 60 2068 eu
77 2006 183 2072 inlinito
205 2009 270 2075 ism
293 2017 438 2095 tempore
460 2011 581 2094 percita
603 2012 710 2096 plagis

35 2119 256 2204 ponderibusque
279 2124 348 2190 suis
370 2133 564 2192 consuerunt
585 2125 710 2192 concita
732 2125 807 2190 ferri

40 2233 251 2319 omnimodisque
275 2242 362 2304 coire
386 2245 482 2322 atque
506 2241 613 2304 omnio
634 2245 868 2324 pertemptare,

40 2365 97 2424 quae
112 2369 239 2432 cumque
262 2352 346 2417 inter
369 2373 403 2420 se
426 2361 558 2438 possent
572 2374 757 2437 congressa
779 2374 911 2437 oreore,

38 2468 61 2520 ul
74 2482 121 2528 non
141 2466 180 2530 sit
201 2465 338 2552 mirum,
354 2469 380 2534 si
403 2470 436 2533 in
458 2471 532 2534 talis
555 2467 767 2552 disposituras

35 2571 185 2643 decidemnt
206 2601 337 2663 quoqne
360 2589 392 2648 et
415 2582 543 2648 intulis
566 2603 683 2648 venere
706 2590 854 2667 meatus,

32 2690 146 2766 qualibus
167 2693 247 2760 haee
269 2713 375 2760 rerum
398 2696 520 2778 geritur·
543 2717 626 2762 nnnc
648 2717 777 2762 surnmc
799 2700 968 2763 rrovrmdo.

62 2803 182 2880 Quodsi
205 2809 270 2874 iam
293 2829 397 2874 rerum
419 2811 565 2892 ignorem
588 2812 761 2896 primordio
787 2833 874 2895 quae
898 2813 980 2896 sint,

32 2911 76 2981 hoo
93 2927 191 2988 umen
213 2943 255 2990 ox
279 2923 358 3008 ipsis
384 2924 467 2990 caeli
490 2927 668 2992 rationibus
691 2926 794 2990 ausim

30 3031 185 3102 confirmare
207 3038 348 3119 aliisque
371 3057 409 3102 ex
435 3039 530 3104 rebus
554 3039 690 3106 reddere
712 3038 840 3120 inultis,

32 3159 210 3231 nequaquem
232 3151 328 3217 nobis
350 3152 502 3218 divinitus
525 3173 597 3218 esso
617 3160 766 3237 paratam

32 3267 148 3328 naturam
171 3286 296 3330 rerum:
314 3271 404 3332 tants
426 3273 490 3331 stat
511 3267 656 3352 praedita
679 3268 794 3351 culpa.

33 3373 160 3460 pincipio
183 3388 336 3461 qnantum
361 3381 443 3446 caeli
467 3382 547 3464 tegit
568 3381 705 3464 impetus
728 3381 861 3463 ingonis,

30 3481 86 3551 imle
105 3493 238 3575 aliquam
263 3501 383 3578 partem
398 3475 531 3561 ¹montes
553 3495 718 3577 silvaeque
741 3496 878 3560 t'crornm

33 3605 196 3692 possedero,
212 3616 323 3676 tenent
343 3629 442 3694 rupes
464 3617 639 3692 vastaeque
663 3610 800 3695 paludes

31 3719 52 3774 ot
69 3735 164 3804 orere,
180 3724 266 3805 quod
288 3723 355 3788 late
376 3730 531 3788 terrorum
554 3725 687 3791 distinct
709 3745 802 3790 oros.

33 3823 88 3893 inde
107 3834 183 3901 duas
205 3857 300 3921 porro
324 3857 425 3922 prope
448 3839 550 3922 partis
573 3841 714 3905 fervidus
736 3839 833 3904 ordor

33 3939 223 4034 adsiduusque
246 3953 312 4036 geli
335 3972 430 4018 casus
452 3953 638 4018 mortalibus
661 3953 784 4019 aufert.
827 3993 832 4006 ·

35 4058 100 4132 qum
120 4084 212 4148 sopor
235 4073 285 4132 cst
307 4067 376 4134 srvi
391 4117 398 4146 ‚
415 4074 522 4134 tamen
544 4068 577 4132 id
600 4075 716 4133 notura
738 4089 797 4134 son
820 4069 849 4134 vi

46 4227 60 4232 “““
84 4233 100 4238 ·-
113 4235 206 4246 --—-

40 4327 74 4374 llll
91 4333 148 4382 divis
167 4333 180 4404 ΙΙ
203 4341 250 4388 rso
269 4355 295 4390 so
315 4339 328 4406 ΙΙ
352 4343 398 4389 189
419 4342 528 4406 speciem
548 4342 562 4411 ΙΙ
585 4346 631 4392 187
651 4343 807 4392 multimodis
827 4341 841 4412 Η
863 4347 909 4393 191
931 4346 1027 4410 possint
1047 4345 1059 4412 Η
1082 4346 1130 4394 193

37 4425 139 4470 onorius.
158 4420 171 4490 Η
193 4429 241 4474 195
259 4427 279 4474 si
299 4430 437 4480 omissum.
459 4429 472 4496 Η
494 4435 540 4479 201
563 4430 663 4477 uvidum
