3020 5146
349 457 409 522 170
894 449 920 514 V

271 643 320 690 300
348 628 380 687 01
403 621 522 704 semel,
539 627 572 685 ut
595 621 681 686 sema
703 627 770 704 est,
790 643 880 687 umor
902 623 1043 704 regnarit
1064 623 1107 686 in'
1120 623 1227 687 arvis.

345 737 430 819 ignis
453 736 537 802 enim
561 743 692 818 superat
715 743 747 802 et
769 737 913 802 lambens
935 735 1037 802 multo
1058 736 1216 822 perussit,

345 851 418 916 avia
440 872 511 916 cum
534 849 736 916 Phaethonta
757 871 860 935 rapax
882 851 929 915 vis
952 851 1031 916 solis
1053 871 1207 933 equorum
1271 885 1274 890 ·

346 967 475 1030 aethere
498 963 637 1048 raptavit
658 971 724 1030 toto
747 971 911 1047 terrasque
935 949 992 1051 per
1014 965 1136 1032 omnis:

347 1087 382 1144 ot
403 1086 495 1163 pater
518 1077 722 1162 omnipotens
744 1080 878 1144 iratum
902 1081 1039 1164 percitus
1061 1081 1128 1146 aori

271 1215 322 1260 400
348 1193 587 1277 magnanimum
610 1191 810 1258 Phaethonta
832 1194 956 1278 repenti
978 1193 1119 1260 fulminis
1142 1195 1205 1262 ictu

346 1307 528 1372 deturbavit
551 1306 641 1388 equis
663 1307 696 1370 in
719 1313 854 1391 terrum,
872 1309 985 1390 solque
1008 1309 1133 1375 cadenti

347 1422 462 1488 obvius
484 1428 647 1485 aeternnm
668 1422 811 1505 succepit
831 1422 988 1507 lampada
1010 1423 1138 1508 mnndi,

347 1535 561 1618 disiectosque
585 1535 707 1618 redegit
729 1556 831 1618 equos
853 1538 1018 1620 iunxitque
1040 1537 1225 1621 trementis,

347 1648 422 1714 inde
445 1671 536 1715 sunm
560 1670 618 1735 per
640 1651 699 1716 iter
722 1653 877 1716 recreavit
899 1659 1013 1718 cuncte
1034 1653 1238 1736 gubernans,

272 1785 321 1832 101
347 1765 487 1840 scilicet,
505 1771 539 1827 ut
560 1775 686 1834 veteres
709 1769 839 1834 Graium
863 1767 1007 1832 occinere
1030 1773 1163 1850 poetae.

349 1879 434 1961 quod
456 1883 566 1966 procul
590 1903 609 1946 a
632 1903 708 1948 vera
730 1883 824 1946 nimis
847 1887 895 1947 est
918 1881 1042 1946 ratione
1065 1881 1253 1964 repulsum.

346 1995 429 2076 ignis
452 1997 535 2060 enim
559 2018 711 2082 superare
733 2002 839 2082 potest
861 1995 915 2060 ubi
938 1995 1082 2061 materiai

348 2129 387 2174 ex
410 2111 532 2175 infinito
556 2119 629 2176 sunt
651 2131 787 2196 corpore
809 2112 902 2196 plura
924 2115 1053 2192 coorta,

271 2243 322 2288 110
348 2231 379 2288 01
401 2232 536 2309 pereunt
559 2246 609 2291 res
633 2234 764 2292 exustae
786 2225 978 2290 torrentibus
1000 2225 1107 2290 euris:

272 2358 321 2404 400
347 2339 420 2404 inde
444 2341 560 2406 eadunt
582 2343 666 2408 vires
689 2343 798 2422 aliqua
821 2340 944 2404 ratione
968 2341 1127 2405 revictae.

272 2471 319 2518 411
347 2473 437 2520 umor
457 2455 531 2520 item
556 2456 717 2538 quondam
741 2456 846 2540 coepit
868 2474 1022 2540 superare
1044 2459 1189 2530 coortus,

346 2575 380 2632 ut
402 2569 489 2634 fame
511 2578 579 2655 est,
597 2571 758 2635 bominum
782 2571 896 2636 minitas
918 2569 1047 2652 quondo
1071 2568 1176 2633 obruit
1199 2569 1296 2635 urbis
1310 2593 1330 2655 :¹

346 2684 420 2750 inde
444 2685 496 2749 ubi
519 2686 567 2750 vis
590 2685 700 2768 ntique
723 2687 845 2750 ratione
868 2703 985 2750 averso
1006 2683 1157 2766 recessit,

348 2817 389 2863 ex
411 2799 533 2864 infinito
557 2800 662 2866 fueret
684 2819 768 2884 quae
791 2819 926 2883 cumque
949 2805 1079 2876 coorto,

271 2936 321 2982 110
348 2914 555 2980 constiterunt
577 2915 694 2980 imbres
717 2923 750 2980 et
772 2914 903 2980 flumina
925 2915 987 2978 vim
1011 2914 1210 2978 minuerunt.

385 3029 448 3093 Sed
473 3031 587 3113 quibus
610 3031 662 3095 ille
686 3031 789 3094 modis
811 3031 973 3095 coniectus
995 3027 1143 3094 materiai

346 3144 486 3208 fundarit
507 3153 623 3211 terram
648 3151 679 3210 et
702 3145 826 3208 caelum
849 3145 1001 3229 pontique
1023 3141 1205 3227 profundo,

347 3259 425 3324 solis
447 3261 534 3324 lunai
557 3279 687 3344 cursus,
706 3277 746 3324 ex
769 3259 882 3324 ordine
904 3279 1021 3343 ponam
1034 3267 1049 3322 .“

347 3393 422 3436 nam
446 3380 529 3439 certe
551 3393 655 3456 neque
677 3373 810 3440 consilio
834 3373 1009 3458 primordie
1030 3393 1133 3440 rerum

272 3506 323 3552 110
348 3487 459 3552 ordine
483 3508 517 3552 se
541 3509 599 3554 sno
623 3508 769 3571 quaeque
792 3489 903 3571 sagaci
925 3495 1030 3554 mente
1053 3489 1195 3553 locarunt

349 3620 407 3666 neo
430 3621 511 3684 111101
534 3621 682 3685 quaeque
706 3602 821 3668 darent
842 3609 947 3668 motus
970 3603 1122 3688 pepigere
1143 3599 1320 3686 proiecto,

347 3716 404 3780 sed
427 3718 502 3800 qnia
525 3718 624 3782 multo
646 3719 750 3784 modis
774 3719 879 3784 multis
900 3705 1074 3802 primordia
1095 3735 1198 3780 rerum

348 3850 388 3893 ex
413 3831 535 3896 infinito
558 3833 623 3898 iam
646 3838 790 3917 tempore
813 3833 934 3917 percite
955 3831 1063 3916 plagis

348 3946 608 4030 ponderibusque
633 3949 699 4012 suis
722 3953 915 4012 consuerunt
937 3947 1062 4012 concita
1083 3943 1157 4010 terri

274 4075 323 4122 411
351 4057 604 4144 omnimodisque
626 4061 713 4127 coire
736 4069 833 4145 atque
856 4062 963 4127 omnin
985 4065 1220 4145 pertemptare.

354 4337 404 4384 3911
428 4337 554 4400 superarit
577 4351 601 4388 et
625 4343 727 4390 nmbons
752 4337 765 4406 11
791 4343 839 4388 397
860 4347 997 4404 petontonn
1024 4335 1038 4404 11
1064 4339 1113 4387 399
1133 4353 1190 4388 cum
1216 4337 1230 4406 11
1254 4343 1309 4392 400
1332 4343 1449 4394 fluminis
1470 4340 1472 4357 '

352 4425 402 4473 tot
422 4433 522 4488 gratnm
543 4421 556 4493 11
577 4428 627 4476 410
647 4429 700 4476 Aut
721 4423 734 4496 11
755 4431 804 4476 412
825 4427 914 4476 undis.
936 4423 949 4496 11
969 4429 1107 4476 41010110
