<?xml version="1.0" encoding="UTF-8"?>
<!DOCTYPE html PUBLIC "-//W3C//DTD XHTML 1.0 Transitional//EN"
    "http://www.w3.org/TR/xhtml1/DTD/xhtml1-transitional.dtd">
<html xmlns="http://www.w3.org/1999/xhtml" xml:lang="en" lang="en">
 <head>
  <title>
</title>
<meta http-equiv="Content-Type" content="text/html;charset=utf-8" />
  <meta name='ocr-system' content='tesseract 3.04.00' />
  <meta name='ocr-capabilities' content='ocr_page ocr_carea ocr_par ocr_line ocrx_word'/>
</head>
<body>
  <div class='ocr_page' id='page_1' title='image "./tlucreticarider24carugoog_0125.png"; bbox 0 0 3020 5146; ppageno 0'>
   <div class='ocr_carea' id='block_1_1' title="bbox 374 383 961 448">
    <p class='ocr_par' dir='ltr' id='par_1_1' title="bbox 374 383 961 448">
     <span class='ocr_line' id='line_1_1' title="bbox 374 383 961 448; baseline -0.002 -2"><span class='ocrx_word' id='word_1_1' title='bbox 374 384 434 448; x_wconf 80' lang='lat'>122</span> <span class='ocrx_word' id='word_1_2' title='bbox 904 383 961 446; x_wconf 93' lang='lat' dir='ltr'>llll</span> 
     </span>
    </p>
   </div>
   <div class='ocr_carea' id='block_1_2' title="bbox 236 554 1356 3968">
    <p class='ocr_par' dir='ltr' id='par_1_2' title="bbox 236 554 1356 3968">
     <span class='ocr_line' id='line_1_2' title="bbox 371 554 1225 640; baseline 0.002 -22"><span class='ocrx_word' id='word_1_3' title='bbox 371 554 602 638; x_wconf 80' lang='lat' dir='ltr'>multiplexque</span> <span class='ocrx_word' id='word_1_4' title='bbox 625 556 685 620; x_wconf 91' lang='lat' dir='ltr'>loei</span> <span class='ocrx_word' id='word_1_5' title='bbox 709 555 847 640; x_wconf 89' lang='lat' dir='ltr'>spatium</span> <span class='ocrx_word' id='word_1_6' title='bbox 870 563 1087 618; x_wconf 71' lang='lat' dir='ltr'>transcurrere</span> <span class='ocrx_word' id='word_1_7' title='bbox 1112 555 1225 621; x_wconf 89' lang='lat' dir='ltr'>eodem</span> 
     </span>
     <span class='ocr_line' id='line_1_3' title="bbox 369 669 1232 756; baseline 0.001 -24"><span class='ocrx_word' id='word_1_8' title='bbox 369 677 513 754; x_wconf 89' lang='lat' dir='ltr'>tempore</span> <span class='ocrx_word' id='word_1_9' title='bbox 537 689 599 750; x_wconf 93' lang='lat' dir='ltr'>quo</span> <span class='ocrx_word' id='word_1_10' title='bbox 623 669 700 756; x_wconf 82' lang='lat' dir='ltr'>solis</span> <span class='ocrx_word' id='word_1_11' title='bbox 723 669 913 754; x_wconf 80' lang='lat' dir='ltr'>pervolgant</span> <span class='ocrx_word' id='word_1_12' title='bbox 935 669 1055 732; x_wconf 89' lang='lat' dir='ltr'>lumina</span> <span class='ocrx_word' id='word_1_13' title='bbox 1078 671 1232 735; x_wconf 81' lang='lat' dir='ltr'>caelum?</span> 
     </span>
     <span class='ocr_line' id='line_1_4' title="bbox 371 783 1319 869; baseline 0.002 -21"><span class='ocrx_word' id='word_1_14' title='bbox 371 785 433 849; x_wconf 91' lang='lat' dir='ltr'>hoc</span> <span class='ocrx_word' id='word_1_15' title='bbox 456 785 553 850; x_wconf 88' lang='lat' dir='ltr'>etiam</span> <span class='ocrx_word' id='word_1_16' title='bbox 574 785 608 848; x_wconf 92' lang='lat' dir='ltr'>in</span> <span class='ocrx_word' id='word_1_17' title='bbox 631 783 743 868; x_wconf 91' lang='lat' dir='ltr'>primis</span> <span class='ocrx_word' id='word_1_18' title='bbox 766 784 929 868; x_wconf 82' lang='lat' dir='ltr'>specimen</span> <span class='ocrx_word' id='word_1_19' title='bbox 950 801 1060 848; x_wconf 86' lang='lat' dir='ltr'>verum</span> <span class='ocrx_word' id='word_1_20' title='bbox 1083 803 1155 850; x_wconf 88' lang='lat' dir='ltr'>esse</span> <span class='ocrx_word' id='word_1_21' title='bbox 1175 785 1319 869; x_wconf 86' lang='lat' dir='ltr'>ridetur,</span> 
     </span>
     <span class='ocr_line' id='line_1_5' title="bbox 298 897 1208 982; baseline -0.007 -16"><span class='ocrx_word' id='word_1_22' title='bbox 298 919 349 966; x_wconf 84' lang='grc'>222</span> <span class='ocrx_word' id='word_1_23' title='bbox 375 919 471 982; x_wconf 89' lang='lat' dir='ltr'>quam</span> <span class='ocrx_word' id='word_1_24' title='bbox 495 898 591 964; x_wconf 88' lang='lat' dir='ltr'>celeri</span> <span class='ocrx_word' id='word_1_25' title='bbox 614 905 701 964; x_wconf 88' lang='lat' dir='ltr'>motu</span> <span class='ocrx_word' id='word_1_26' title='bbox 724 917 828 962; x_wconf 89' lang='lat' dir='ltr'>rerum</span> <span class='ocrx_word' id='word_1_27' title='bbox 851 897 1022 962; x_wconf 87' lang='lat' dir='ltr'>simulacra</span> <span class='ocrx_word' id='word_1_28' title='bbox 1044 898 1208 974; x_wconf 83' lang='lat' dir='ltr'>ferantur,</span> 
     </span>
     <span class='ocr_line' id='line_1_6' title="bbox 371 1012 1250 1097; baseline 0.002 -21"><span class='ocrx_word' id='word_1_29' title='bbox 371 1013 458 1095; x_wconf 89' lang='lat' dir='ltr'>quod</span> <span class='ocrx_word' id='word_1_30' title='bbox 481 1013 575 1077; x_wconf 88' lang='lat' dir='ltr'>simul</span> <span class='ocrx_word' id='word_1_31' title='bbox 597 1033 635 1078; x_wconf 85' lang='lat' dir='ltr'>ac</span> <span class='ocrx_word' id='word_1_32' title='bbox 655 1013 791 1097; x_wconf 91' lang='lat' dir='ltr'>primum</span> <span class='ocrx_word' id='word_1_33' title='bbox 815 1013 873 1077; x_wconf 90' lang='lat' dir='ltr'>sub</span> <span class='ocrx_word' id='word_1_34' title='bbox 898 1013 952 1076; x_wconf 90' lang='lat' dir='ltr'>din</span> <span class='ocrx_word' id='word_1_35' title='bbox 976 1012 1129 1095; x_wconf 86' lang='lat' dir='ltr'>splendor</span> <span class='ocrx_word' id='word_1_36' title='bbox 1151 1013 1250 1096; x_wconf 87' lang='lat' dir='ltr'>aquai</span> 
     </span>
     <span class='ocr_line' id='line_1_7' title="bbox 371 1125 1120 1212; baseline 0 -20"><span class='ocrx_word' id='word_1_37' title='bbox 371 1127 518 1212; x_wconf 74' lang='lat' dir='ltr'>ponium,</span> <span class='ocrx_word' id='word_1_38' title='bbox 535 1127 697 1212; x_wconf 83' lang='lat' dir='ltr'>extemplo</span> <span class='ocrx_word' id='word_1_39' title='bbox 721 1125 812 1191; x_wconf 89' lang='lat' dir='ltr'>caelo</span> <span class='ocrx_word' id='word_1_40' title='bbox 835 1127 980 1191; x_wconf 76' lang='lat' dir='ltr'>stellante</span> <span class='ocrx_word' id='word_1_41' title='bbox 1004 1146 1120 1192; x_wconf 91' lang='lat' dir='ltr'>serena</span> 
     </span>
     <span class='ocr_line' id='line_1_8' title="bbox 372 1241 1204 1324; baseline -0.002 -18"><span class='ocrx_word' id='word_1_42' title='bbox 372 1241 479 1306; x_wconf 89' lang='lat' dir='ltr'>sidera</span> <span class='ocrx_word' id='word_1_43' title='bbox 501 1241 696 1324; x_wconf 86' lang='lat' dir='ltr'>respondent</span> <span class='ocrx_word' id='word_1_44' title='bbox 718 1241 751 1304; x_wconf 92' lang='lat' dir='ltr'>in</span> <span class='ocrx_word' id='word_1_45' title='bbox 774 1260 862 1321; x_wconf 86' lang='lat' dir='ltr'>aqua</span> <span class='ocrx_word' id='word_1_46' title='bbox 884 1241 1044 1306; x_wconf 82' lang='lat' dir='ltr'>radiantia</span> <span class='ocrx_word' id='word_1_47' title='bbox 1064 1241 1204 1306; x_wconf 92' lang='lat' dir='ltr'>mundo.</span> 
     </span>
     <span class='ocr_line' id='line_1_9' title="bbox 371 1355 1261 1440; baseline 0.003 -23"><span class='ocrx_word' id='word_1_48' title='bbox 371 1355 479 1420; x_wconf 88' lang='lat' dir='ltr'>iamne</span> <span class='ocrx_word' id='word_1_49' title='bbox 502 1355 592 1419; x_wconf 87' lang='lat' dir='ltr'>vides</span> <span class='ocrx_word' id='word_1_50' title='bbox 614 1356 709 1439; x_wconf 85' lang='lat' dir='ltr'>igitur</span> <span class='ocrx_word' id='word_1_51' title='bbox 731 1374 826 1438; x_wconf 90' lang='lat' dir='ltr'>qnam</span> <span class='ocrx_word' id='word_1_52' title='bbox 849 1362 966 1438; x_wconf 91' lang='lat' dir='ltr'>puncto</span> <span class='ocrx_word' id='word_1_53' title='bbox 989 1361 1132 1440; x_wconf 91' lang='lat' dir='ltr'>tempore</span> <span class='ocrx_word' id='word_1_54' title='bbox 1154 1355 1261 1440; x_wconf 84' lang='lat' dir='ltr'>imago</span> 
     </span>
     <span class='ocr_line' id='line_1_10' title="bbox 297 1468 1163 1537; baseline 0 -1"><span class='ocrx_word' id='word_1_55' title='bbox 297 1490 347 1537; x_wconf 83' lang='grc'>222</span> <span class='ocrx_word' id='word_1_56' title='bbox 373 1468 511 1534; x_wconf 88' lang='lat' dir='ltr'>aetheris</span> <span class='ocrx_word' id='word_1_57' title='bbox 532 1489 571 1534; x_wconf 83' lang='lat' dir='ltr'>ex</span> <span class='ocrx_word' id='word_1_58' title='bbox 595 1469 659 1534; x_wconf 90' lang='lat' dir='ltr'>oris</span> <span class='ocrx_word' id='word_1_59' title='bbox 681 1469 714 1533; x_wconf 92' lang='lat' dir='ltr'>in</span> <span class='ocrx_word' id='word_1_60' title='bbox 736 1476 892 1534; x_wconf 88' lang='lat' dir='ltr'>terrarum</span> <span class='ocrx_word' id='word_1_61' title='bbox 914 1469 1040 1534; x_wconf 86' lang='lat' dir='ltr'>accidat</span> <span class='ocrx_word' id='word_1_62' title='bbox 1062 1473 1163 1537; x_wconf 85' lang='lat' dir='ltr'>oras?</span> 
     </span>
     <span class='ocr_line' id='line_1_11' title="bbox 373 1578 1356 1665; baseline 0.002 -19"><span class='ocrx_word' id='word_1_63' title='bbox 373 1603 472 1665; x_wconf 86' lang='lat' dir='ltr'>qnare</span> <span class='ocrx_word' id='word_1_64' title='bbox 495 1584 591 1648; x_wconf 91' lang='lat' dir='ltr'>etiam</span> <span class='ocrx_word' id='word_1_65' title='bbox 616 1589 713 1665; x_wconf 88' lang='lat' dir='ltr'>atque</span> <span class='ocrx_word' id='word_1_66' title='bbox 736 1583 832 1648; x_wconf 89' lang='lat' dir='ltr'>etiarn</span> <span class='ocrx_word' id='word_1_67' title='bbox 855 1578 939 1648; x_wconf 84' lang='lat' dir='ltr'>mitti</span> <span class='ocrx_word' id='word_1_68' title='bbox 960 1583 1083 1651; x_wconf 86' lang='lat' dir='ltr'>fateare</span> <span class='ocrx_word' id='word_1_69' title='bbox 1106 1591 1273 1650; x_wconf 80' lang='lat' dir='ltr'>necessest</span> <span class='ocrx_word' id='word_1_70' title='bbox 1351 1627 1356 1634; x_wconf 89' lang='lat'><strong>·</strong></span> 
     </span>
     <span class='ocr_line' id='line_1_12' title="bbox 373 1697 1277 1783; baseline -0.001 -19"><span class='ocrx_word' id='word_1_71' title='bbox 373 1717 509 1783; x_wconf 90' lang='lat' dir='ltr'>corpora</span> <span class='ocrx_word' id='word_1_72' title='bbox 532 1717 613 1779; x_wconf 85' lang='lat' dir='ltr'>quae</span> <span class='ocrx_word' id='word_1_73' title='bbox 636 1697 753 1762; x_wconf 81' lang='lat' dir='ltr'>feriant</span> <span class='ocrx_word' id='word_1_74' title='bbox 775 1698 885 1764; x_wconf 89' lang='lat' dir='ltr'>oculos</span> <span class='ocrx_word' id='word_1_75' title='bbox 907 1700 1074 1781; x_wconf 88' lang='lat' dir='ltr'>visumque</span> <span class='ocrx_word' id='word_1_76' title='bbox 1096 1700 1277 1766; x_wconf 87' lang='lat' dir='ltr'>lacessant:</span> 
     </span>
     <span class='ocr_line' id='line_1_13' title="bbox 373 1812 1169 1898; baseline 0.001 -21"><span class='ocrx_word' id='word_1_77' title='bbox 373 1819 587 1898; x_wconf 90' lang='lat' dir='ltr'>perpetuoque</span> <span class='ocrx_word' id='word_1_78' title='bbox 610 1812 710 1877; x_wconf 90' lang='lat' dir='ltr'>fluunt</span> <span class='ocrx_word' id='word_1_79' title='bbox 733 1813 828 1878; x_wconf 89' lang='lat' dir='ltr'>certis</span> <span class='ocrx_word' id='word_1_80' title='bbox 851 1813 892 1877; x_wconf 91' lang='lat' dir='ltr'>ab</span> <span class='ocrx_word' id='word_1_81' title='bbox 915 1813 1010 1878; x_wconf 87' lang='lat' dir='ltr'>rebus</span> <span class='ocrx_word' id='word_1_82' title='bbox 1032 1813 1169 1894; x_wconf 80' lang='lat' dir='ltr'>odores3</span> 
     </span>
     <span class='ocr_line' id='line_1_14' title="bbox 372 1927 1303 2010; baseline 0.001 -19"><span class='ocrx_word' id='word_1_83' title='bbox 372 1928 474 2010; x_wconf 84' lang='lat' dir='ltr'>frigus</span> <span class='ocrx_word' id='word_1_84' title='bbox 496 1934 530 1991; x_wconf 91' lang='lat' dir='ltr'>ut</span> <span class='ocrx_word' id='word_1_85' title='bbox 551 1947 571 1991; x_wconf 92' lang='lat' dir='ltr'>a</span> <span class='ocrx_word' id='word_1_86' title='bbox 592 1927 716 2004; x_wconf 81' lang='lat' dir='ltr'>fluviis,</span> <span class='ocrx_word' id='word_1_87' title='bbox 733 1928 820 1993; x_wconf 86' lang='lat' dir='ltr'>calor</span> <span class='ocrx_word' id='word_1_88' title='bbox 841 1929 882 1991; x_wconf 89' lang='lat' dir='ltr'>ab</span> <span class='ocrx_word' id='word_1_89' title='bbox 905 1927 974 1993; x_wconf 89' lang='lat' dir='ltr'>sole</span> <span class='ocrx_word' id='word_1_90' title='bbox 989 1977 996 2010; x_wconf 93' lang='lat'>,</span> <span class='ocrx_word' id='word_1_91' title='bbox 1014 1935 1121 1993; x_wconf 89' lang='lat' dir='ltr'>aestus</span> <span class='ocrx_word' id='word_1_92' title='bbox 1144 1927 1185 1992; x_wconf 91' lang='lat' dir='ltr'>ab</span> <span class='ocrx_word' id='word_1_93' title='bbox 1207 1927 1303 1993; x_wconf 82' lang='lat' dir='ltr'>undis</span> 
     </span>
     <span class='ocr_line' id='line_1_15' title="bbox 297 2043 1168 2126; baseline -0.002 -18"><span class='ocrx_word' id='word_1_94' title='bbox 297 2063 348 2110; x_wconf 91' lang='grc'>222</span> <span class='ocrx_word' id='word_1_95' title='bbox 373 2043 541 2124; x_wconf 86' lang='lat' dir='ltr'>aequoris,</span> <span class='ocrx_word' id='word_1_96' title='bbox 559 2061 674 2108; x_wconf 87' lang='lat' dir='ltr'>exesor</span> <span class='ocrx_word' id='word_1_97' title='bbox 695 2061 896 2126; x_wconf 89' lang='lat' dir='ltr'>moerorum,</span> <span class='ocrx_word' id='word_1_98' title='bbox 912 2043 1007 2107; x_wconf 88' lang='lat' dir='ltr'>litora</span> <span class='ocrx_word' id='word_1_99' title='bbox 1030 2043 1168 2107; x_wconf 90' lang='lat' dir='ltr'>circum:</span> 
     </span>
     <span class='ocr_line' id='line_1_16' title="bbox 372 2157 1203 2240; baseline 0.002 -20"><span class='ocrx_word' id='word_1_100' title='bbox 372 2177 431 2222; x_wconf 90' lang='lat' dir='ltr'>nec</span> <span class='ocrx_word' id='word_1_101' title='bbox 454 2157 563 2222; x_wconf 89' lang='lat' dir='ltr'>variae</span> <span class='ocrx_word' id='word_1_102' title='bbox 587 2163 715 2222; x_wconf 89' lang='lat' dir='ltr'>cessant</span> <span class='ocrx_word' id='word_1_103' title='bbox 730 2177 825 2222; x_wconf 88' lang='lat' dir='ltr'>voces</span> <span class='ocrx_word' id='word_1_104' title='bbox 845 2157 1065 2240; x_wconf 80' lang='lat' dir='ltr'>volitareper</span> <span class='ocrx_word' id='word_1_105' title='bbox 1086 2177 1203 2222; x_wconf 85' lang='lat' dir='ltr'>auras:</span> 
     </span>
     <span class='ocr_line' id='line_1_17' title="bbox 374 2271 1238 2358; baseline 0.005 -24"><span class='ocrx_word' id='word_1_106' title='bbox 374 2271 513 2352; x_wconf 86' lang='lat' dir='ltr'>denique</span> <span class='ocrx_word' id='word_1_107' title='bbox 535 2271 567 2335; x_wconf 93' lang='lat' dir='ltr'>in</span> <span class='ocrx_word' id='word_1_108' title='bbox 592 2292 628 2336; x_wconf 93' lang='lat' dir='ltr'>os</span> <span class='ocrx_word' id='word_1_109' title='bbox 650 2273 727 2336; x_wconf 85' lang='lat' dir='ltr'>salsi</span> <span class='ocrx_word' id='word_1_110' title='bbox 749 2271 836 2336; x_wconf 90' lang='lat' dir='ltr'>venit</span> <span class='ocrx_word' id='word_1_111' title='bbox 857 2291 949 2338; x_wconf 89' lang='lat' dir='ltr'>umor</span> <span class='ocrx_word' id='word_1_112' title='bbox 971 2291 1070 2357; x_wconf 86' lang='lat' dir='ltr'>saepe</span> <span class='ocrx_word' id='word_1_113' title='bbox 1093 2274 1238 2358; x_wconf 86' lang='lat' dir='ltr'>saporis,</span> 
     </span>
     <span class='ocr_line' id='line_1_18' title="bbox 374 2387 1233 2471; baseline 0.001 -20"><span class='ocrx_word' id='word_1_114' title='bbox 374 2406 445 2451; x_wconf 91' lang='lat' dir='ltr'>cum</span> <span class='ocrx_word' id='word_1_115' title='bbox 468 2405 558 2451; x_wconf 89' lang='lat' dir='ltr'>mare</span> <span class='ocrx_word' id='word_1_116' title='bbox 580 2403 746 2450; x_wconf 87' lang='lat' dir='ltr'>versamur·</span> <span class='ocrx_word' id='word_1_117' title='bbox 767 2395 916 2471; x_wconf 85' lang='lat' dir='ltr'>propter,</span> <span class='ocrx_word' id='word_1_118' title='bbox 933 2387 1098 2470; x_wconf 87' lang='lat' dir='ltr'>dilutaque</span> <span class='ocrx_word' id='word_1_119' title='bbox 1120 2393 1233 2453; x_wconf 90' lang='lat' dir='ltr'>contra</span> 
     </span>
     <span class='ocr_line' id='line_1_19' title="bbox 374 2500 1225 2584; baseline 0.002 -20"><span class='ocrx_word' id='word_1_120' title='bbox 374 2521 444 2565; x_wconf 92' lang='lat' dir='ltr'>cum</span> <span class='ocrx_word' id='word_1_121' title='bbox 467 2500 584 2564; x_wconf 91' lang='lat' dir='ltr'>tuimur·</span> <span class='ocrx_word' id='word_1_122' title='bbox 606 2502 730 2566; x_wconf 87' lang='lat' dir='ltr'>misceri</span> <span class='ocrx_word' id='word_1_123' title='bbox 754 2501 935 2578; x_wconf 85' lang='lat' dir='ltr'>absinthia,</span> <span class='ocrx_word' id='word_1_124' title='bbox 951 2501 1055 2584; x_wconf 83' lang='lat' dir='ltr'>tangit</span> <span class='ocrx_word' id='word_1_125' title='bbox 1076 2521 1225 2568; x_wconf 85' lang='lat' dir='ltr'>amaror.</span> 
     </span>
     <span class='ocr_line' id='line_1_20' title="bbox 301 2616 1339 2700; baseline -0.002 -18"><span class='ocrx_word' id='word_1_126' title='bbox 301 2636 350 2683; x_wconf 84' lang='grc'>222</span> <span class='ocrx_word' id='word_1_127' title='bbox 376 2635 476 2698; x_wconf 85' lang='lat' dir='ltr'>usque</span> <span class='ocrx_word' id='word_1_128' title='bbox 499 2616 581 2682; x_wconf 90' lang='lat' dir='ltr'>adeo</span> <span class='ocrx_word' id='word_1_129' title='bbox 606 2617 752 2682; x_wconf 90' lang='lat' dir='ltr'>omnibus</span> <span class='ocrx_word' id='word_1_130' title='bbox 774 2617 816 2682; x_wconf 93' lang='lat' dir='ltr'>ab</span> <span class='ocrx_word' id='word_1_131' title='bbox 837 2617 934 2682; x_wconf 86' lang='lat' dir='ltr'>rebus</span> <span class='ocrx_word' id='word_1_132' title='bbox 956 2637 1007 2682; x_wconf 89' lang='lat' dir='ltr'>res</span> <span class='ocrx_word' id='word_1_133' title='bbox 1031 2637 1180 2700; x_wconf 86' lang='lat' dir='ltr'>quaeque</span> <span class='ocrx_word' id='word_1_134' title='bbox 1203 2617 1339 2684; x_wconf 88' lang='lat' dir='ltr'>fluenter</span> 
     </span>
     <span class='ocr_line' id='line_1_21' title="bbox 374 2730 1228 2816; baseline 0.002 -21"><span class='ocrx_word' id='word_1_135' title='bbox 374 2730 472 2796; x_wconf 85' lang='lat' dir='ltr'>fertur</span> <span class='ocrx_word' id='word_1_136' title='bbox 495 2738 526 2797; x_wconf 91' lang='lat' dir='ltr'>et</span> <span class='ocrx_word' id='word_1_137' title='bbox 548 2733 581 2796; x_wconf 95' lang='lat' dir='ltr'>in</span> <span class='ocrx_word' id='word_1_138' title='bbox 604 2739 735 2798; x_wconf 91' lang='lat' dir='ltr'>cunctas</span> <span class='ocrx_word' id='word_1_139' title='bbox 758 2732 924 2796; x_wconf 85' lang='lat' dir='ltr'>dimittitur</span> <span class='ocrx_word' id='word_1_140' title='bbox 945 2731 1086 2815; x_wconf 91' lang='lat' dir='ltr'>undique</span> <span class='ocrx_word' id='word_1_141' title='bbox 1108 2733 1228 2816; x_wconf 88' lang='lat' dir='ltr'>partis,</span> 
     </span>
     <span class='ocr_line' id='line_1_22' title="bbox 375 2846 1252 2929; baseline 0.002 -19"><span class='ocrx_word' id='word_1_142' title='bbox 375 2867 434 2912; x_wconf 92' lang='lat' dir='ltr'>nec</span> <span class='ocrx_word' id='word_1_143' title='bbox 457 2868 546 2913; x_wconf 94' lang='lat' dir='ltr'>mora</span> <span class='ocrx_word' id='word_1_144' title='bbox 570 2867 628 2912; x_wconf 90' lang='grc'>222</span> <span class='ocrx_word' id='word_1_145' title='bbox 651 2848 777 2929; x_wconf 90' lang='lat' dir='ltr'>requies</span> <span class='ocrx_word' id='word_1_146' title='bbox 800 2847 882 2912; x_wconf 89' lang='lat' dir='ltr'>inter</span> <span class='ocrx_word' id='word_1_147' title='bbox 906 2846 1000 2911; x_wconf 90' lang='lat' dir='ltr'>datur</span> <span class='ocrx_word' id='word_1_148' title='bbox 1021 2849 1088 2911; x_wconf 90' lang='lat' dir='ltr'>ulla</span> <span class='ocrx_word' id='word_1_149' title='bbox 1109 2847 1252 2926; x_wconf 85' lang='lat' dir='ltr'>fluendi,</span> 
     </span>
     <span class='ocr_line' id='line_1_23' title="bbox 373 2962 1233 3048; baseline -0.003 -20"><span class='ocrx_word' id='word_1_150' title='bbox 373 2971 527 3048; x_wconf 84' lang='lat' dir='ltr'>perpetuo</span> <span class='ocrx_word' id='word_1_151' title='bbox 551 2963 702 3045; x_wconf 88' lang='lat' dir='ltr'>quoniam</span> <span class='ocrx_word' id='word_1_152' title='bbox 726 2962 879 3028; x_wconf 86' lang='lat' dir='ltr'>sentimus</span> <span class='ocrx_word' id='word_1_153' title='bbox 903 2967 933 3026; x_wconf 89' lang='lat' dir='ltr'>et</span> <span class='ocrx_word' id='word_1_154' title='bbox 956 2963 1064 3027; x_wconf 91' lang='lat' dir='ltr'>omnia</span> <span class='ocrx_word' id='word_1_155' title='bbox 1087 2981 1233 3048; x_wconf 85' lang='lat' dir='ltr'>semper.</span> 
     </span>
     <span class='ocr_line' id='line_1_24' title="bbox 236 3059 1219 3160; baseline -0.002 -16"><span class='ocrx_word' id='word_1_156' title='bbox 236 3059 239 3068; x_wconf 35' lang='lat'><strong><em>⁴</em></strong></span> <span class='ocrx_word' id='word_1_157' title='bbox 300 3097 350 3144; x_wconf 85' lang='grc'>232</span> <span class='ocrx_word' id='word_1_158' title='bbox 417 3081 590 3143; x_wconf 86' lang='lat' dir='ltr'>Praeterea</span> <span class='ocrx_word' id='word_1_159' title='bbox 613 3078 763 3160; x_wconf 88' lang='lat' dir='ltr'>quoniam</span> <span class='ocrx_word' id='word_1_160' title='bbox 787 3077 934 3142; x_wconf 90' lang='lat' dir='ltr'>manibus</span> <span class='ocrx_word' id='word_1_161' title='bbox 958 3081 1094 3142; x_wconf 89' lang='lat' dir='ltr'>tractata</span> <span class='ocrx_word' id='word_1_162' title='bbox 1116 3078 1219 3160; x_wconf 80' lang='lat' dir='ltr'>ligura</span> 
     </span>
     <span class='ocr_line' id='line_1_25' title="bbox 265 3191 1317 3275; baseline 0.003 -20"><span class='ocrx_word' id='word_1_163' title='bbox 265 3235 273 3248; x_wconf 86' lang='lat'>-</span> <span class='ocrx_word' id='word_1_164' title='bbox 376 3192 409 3255; x_wconf 91' lang='lat' dir='ltr'>in</span> <span class='ocrx_word' id='word_1_165' title='bbox 433 3193 572 3258; x_wconf 88' lang='lat' dir='ltr'>tenebris</span> <span class='ocrx_word' id='word_1_166' title='bbox 595 3191 754 3274; x_wconf 88' lang='lat' dir='ltr'>quaedam</span> <span class='ocrx_word' id='word_1_167' title='bbox 778 3192 979 3274; x_wconf 76' lang='lat' dir='ltr'>cognoscitur</span> <span class='ocrx_word' id='word_1_168' title='bbox 1001 3211 1072 3258; x_wconf 87' lang='lat' dir='ltr'>esse</span> <span class='ocrx_word' id='word_1_169' title='bbox 1091 3191 1207 3262; x_wconf 84' lang='lat' dir='ltr'>eadem</span> <span class='ocrx_word' id='word_1_170' title='bbox 1231 3211 1317 3275; x_wconf 88' lang='lat' dir='ltr'>quae</span> 
     </span>
     <span class='ocr_line' id='line_1_26' title="bbox 377 3307 1188 3384; baseline -0.001 -13"><span class='ocrx_word' id='word_1_171' title='bbox 377 3307 514 3371; x_wconf 86' lang='lat' dir='ltr'>cernitur</span> <span class='ocrx_word' id='word_1_172' title='bbox 537 3307 571 3371; x_wconf 89' lang='lat' dir='ltr'>in</span> <span class='ocrx_word' id='word_1_173' title='bbox 594 3308 664 3372; x_wconf 87' lang='lat' dir='ltr'>luce</span> <span class='ocrx_word' id='word_1_174' title='bbox 687 3314 719 3372; x_wconf 89' lang='lat' dir='ltr'>et</span> <span class='ocrx_word' id='word_1_175' title='bbox 741 3307 826 3372; x_wconf 87' lang='lat' dir='ltr'>claro</span> <span class='ocrx_word' id='word_1_176' title='bbox 850 3307 1009 3384; x_wconf 89' lang='lat' dir='ltr'>candore,</span> <span class='ocrx_word' id='word_1_177' title='bbox 1026 3315 1188 3373; x_wconf 89' lang='lat' dir='ltr'>necessest</span> 
     </span>
     <span class='ocr_line' id='line_1_27' title="bbox 374 3413 1148 3505; baseline -0.001 -21"><span class='ocrx_word' id='word_1_178' title='bbox 374 3421 533 3485; x_wconf 91' lang='lat' dir='ltr'>consimili</span> <span class='ocrx_word' id='word_1_179' title='bbox 556 3441 656 3487; x_wconf 76' lang='lat' dir='ltr'>causa</span> <span class='ocrx_word' id='word_1_180' title='bbox 679 3429 797 3488; x_wconf 90' lang='lat' dir='ltr'>tactum</span> <span class='ocrx_word' id='word_1_181' title='bbox 820 3423 986 3505; x_wconf 89' lang='lat' dir='ltr'>visumque</span> <span class='ocrx_word' id='word_1_182' title='bbox 1009 3413 1148 3488; x_wconf 76' lang='lat' dir='ltr'>moveri.</span> 
     </span>
     <span class='ocr_line' id='line_1_28' title="bbox 379 3521 1249 3626; baseline 0.003 -27"><span class='ocrx_word' id='word_1_183' title='bbox 379 3556 462 3600; x_wconf 91' lang='lat' dir='ltr'>nuno</span> <span class='ocrx_word' id='word_1_184' title='bbox 484 3536 581 3618; x_wconf 85' lang='lat' dir='ltr'>igitur·</span> <span class='ocrx_word' id='word_1_185' title='bbox 603 3537 631 3601; x_wconf 91' lang='lat' dir='ltr'>si</span> <span class='ocrx_word' id='word_1_186' title='bbox 654 3539 843 3619; x_wconf 88' lang='lat' dir='ltr'>quadratum</span> <span class='ocrx_word' id='word_1_187' title='bbox 866 3545 1058 3626; x_wconf 65' lang='lat' dir='ltr'>temppamus</span> <span class='ocrx_word' id='word_1_188' title='bbox 1082 3521 1114 3603; x_wconf 88' lang='lat' dir='ltr'>et</span> <span class='ocrx_word' id='word_1_189' title='bbox 1134 3537 1166 3601; x_wconf 91' lang='lat' dir='ltr'>id</span> <span class='ocrx_word' id='word_1_190' title='bbox 1189 3557 1249 3602; x_wconf 88' lang='lat' dir='ltr'>nos</span> 
     </span>
     <span class='ocr_line' id='line_1_29' title="bbox 302 3653 1248 3738; baseline 0.001 -22"><span class='ocrx_word' id='word_1_191' title='bbox 302 3669 351 3716; x_wconf 84' lang='grc'>222</span> <span class='ocrx_word' id='word_1_192' title='bbox 377 3659 554 3717; x_wconf 86' lang='lat' dir='ltr'>commovet</span> <span class='ocrx_word' id='word_1_193' title='bbox 577 3653 610 3717; x_wconf 92' lang='lat' dir='ltr'>in</span> <span class='ocrx_word' id='word_1_194' title='bbox 633 3653 793 3736; x_wconf 87' lang='lat' dir='ltr'>tenebris,</span> <span class='ocrx_word' id='word_1_195' title='bbox 811 3653 843 3717; x_wconf 91' lang='lat' dir='ltr'>in</span> <span class='ocrx_word' id='word_1_196' title='bbox 868 3653 930 3718; x_wconf 90' lang='lat' dir='ltr'>luci</span> <span class='ocrx_word' id='word_1_197' title='bbox 956 3672 1038 3736; x_wconf 87' lang='lat' dir='ltr'>qnae</span> <span class='ocrx_word' id='word_1_198' title='bbox 1061 3653 1176 3738; x_wconf 90' lang='lat' dir='ltr'>poterit</span> <span class='ocrx_word' id='word_1_199' title='bbox 1196 3673 1248 3717; x_wconf 89' lang='lat' dir='ltr'>res</span> 
     </span>
     <span class='ocr_line' id='line_1_30' title="bbox 377 3765 1286 3854; baseline 0.003 -25"><span class='ocrx_word' id='word_1_200' title='bbox 377 3765 522 3832; x_wconf 88' lang='lat' dir='ltr'>accidere</span> <span class='ocrx_word' id='word_1_201' title='bbox 544 3769 587 3832; x_wconf 89' lang='lat' dir='ltr'>ad</span> <span class='ocrx_word' id='word_1_202' title='bbox 611 3769 750 3852; x_wconf 89' lang='lat' dir='ltr'>speciem</span> <span class='ocrx_word' id='word_1_203' title='bbox 774 3768 955 3854; x_wconf 79' lang='lat' dir='ltr'>quadrata,</span> <span class='ocrx_word' id='word_1_204' title='bbox 972 3769 1032 3834; x_wconf 85' lang='lat' dir='ltr'>nisi</span> <span class='ocrx_word' id='word_1_205' title='bbox 1056 3767 1125 3833; x_wconf 88' lang='lat' dir='ltr'>eius</span> <span class='ocrx_word' id='word_1_206' title='bbox 1148 3767 1286 3851; x_wconf 79' lang='lat' dir='ltr'>imago?</span> 
     </span>
     <span class='ocr_line' id='line_1_31' title="bbox 378 3882 1227 3968; baseline 0.002 -24"><span class='ocrx_word' id='word_1_207' title='bbox 378 3899 452 3946; x_wconf 89' lang='grc'>2222</span> <span class='ocrx_word' id='word_1_208' title='bbox 475 3882 722 3967; x_wconf 85' lang='lat' dir='ltr'>inimaginibus</span> <span class='ocrx_word' id='word_1_209' title='bbox 745 3903 809 3966; x_wconf 91' lang='lat' dir='ltr'>qua</span> <span class='ocrx_word' id='word_1_210' title='bbox 832 3888 963 3968; x_wconf 90' lang='lat' dir='ltr'>propter</span> <span class='ocrx_word' id='word_1_211' title='bbox 985 3903 1083 3948; x_wconf 89' lang='lat' dir='ltr'>causa</span> <span class='ocrx_word' id='word_1_212' title='bbox 1103 3882 1227 3948; x_wconf 86' lang='lat' dir='ltr'>videtur</span> 
     </span>
    </p>
   </div>
   <div class='ocr_carea' id='block_1_3' title="bbox 377 4065 577 4073">
    <p class='ocr_par' dir='ltr' id='par_1_3' title="bbox 377 4065 577 4073">
     <span class='ocr_line' id='line_1_32' title="bbox 377 4065 577 4073; baseline 0.005 -3"><span class='ocrx_word' id='word_1_213' title='bbox 377 4065 577 4073; x_wconf 76' lang='lat'><em>—-—--——..</em></span> 
     </span>
    </p>
   </div>
   <div class='ocr_carea' id='block_1_4' title="bbox 377 4155 1469 4426">
    <p class='ocr_par' dir='ltr' id='par_1_4' title="bbox 377 4155 1469 4426">
     <span class='ocr_line' id='line_1_33' title="bbox 380 4155 1444 4254; baseline 0 -22"><span class='ocrx_word' id='word_1_214' title='bbox 380 4187 430 4233; x_wconf 92' lang='grc'>210</span> <span class='ocrx_word' id='word_1_215' title='bbox 449 4168 545 4234; x_wconf 85' lang='lat' dir='ltr'>motum</span> <span class='ocrx_word' id='word_1_216' title='bbox 566 4183 579 4252; x_wconf 81' lang='grc' dir='ltr'>ΙΙ</span> <span class='ocrx_word' id='word_1_217' title='bbox 602 4188 651 4234; x_wconf 83' lang='grc'>213</span> <span class='ocrx_word' id='word_1_218' title='bbox 671 4155 775 4235; x_wconf 88' lang='lat' dir='ltr'>mundi.</span> <span class='ocrx_word' id='word_1_219' title='bbox 802 4183 815 4252; x_wconf 72' lang='grc'>11</span> <span class='ocrx_word' id='word_1_220' title='bbox 840 4185 975 4236; x_wconf 77' lang='grc'>2122222</span> <span class='ocrx_word' id='word_1_221' title='bbox 999 4181 1013 4254; x_wconf 75' lang='lat' dir='ltr'>ll</span> <span class='ocrx_word' id='word_1_222' title='bbox 1038 4186 1187 4235; x_wconf 78' lang='grc'>2181122221</span> <span class='ocrx_word' id='word_1_223' title='bbox 1210 4181 1224 4254; x_wconf 72' lang='grc'>11</span> <span class='ocrx_word' id='word_1_224' title='bbox 1250 4187 1302 4235; x_wconf 87' lang='grc'>220</span> <span class='ocrx_word' id='word_1_225' title='bbox 1320 4195 1444 4236; x_wconf 79' lang='lat' dir='ltr'>maerorum</span> 
     </span>
     <span class='ocr_line' id='line_1_34' title="bbox 379 4267 1469 4342; baseline 0 -23"><span class='ocrx_word' id='word_1_226' title='bbox 379 4273 526 4320; x_wconf 85' lang='grc'>222-228</span> <span class='ocrx_word' id='word_1_227' title='bbox 545 4272 600 4322; x_wconf 75' lang='lat' dir='ltr'>bie.</span> <span class='ocrx_word' id='word_1_228' title='bbox 623 4270 635 4338; x_wconf 82' lang='grc' dir='ltr'>ΙΙ</span> <span class='ocrx_word' id='word_1_229' title='bbox 656 4275 706 4322; x_wconf 83' lang='grc'>229</span> <span class='ocrx_word' id='word_1_230' title='bbox 726 4272 836 4322; x_wconf 89' lang='lat' dir='ltr'>Cernere</span> <span class='ocrx_word' id='word_1_231' title='bbox 855 4274 956 4323; x_wconf 85' lang='lat' dir='ltr'>odorari</span> <span class='ocrx_word' id='word_1_232' title='bbox 976 4273 1036 4325; x_wconf 87' lang='lat' dir='ltr'>licet</span> <span class='ocrx_word' id='word_1_233' title='bbox 1054 4283 1078 4326; x_wconf 84' lang='lat' dir='ltr'>et</span> <span class='ocrx_word' id='word_1_234' title='bbox 1091 4274 1183 4326; x_wconf 87' lang='lat' dir='ltr'>sentire</span> <span class='ocrx_word' id='word_1_235' title='bbox 1196 4289 1302 4326; x_wconf 81' lang='lat' dir='ltr'>sonare.</span> <span class='ocrx_word' id='word_1_236' title='bbox 1324 4269 1338 4342; x_wconf 88' lang='grc' dir='ltr'>ΙΙ</span> <span class='ocrx_word' id='word_1_237' title='bbox 1358 4273 1403 4321; x_wconf 75' lang='lat' dir='ltr'>ast</span> <span class='ocrx_word' id='word_1_238' title='bbox 1418 4267 1469 4316; x_wconf 68' lang='lat' dir='ltr'>Com·</span> 
     </span>
     <span class='ocr_line' id='line_1_35' title="bbox 377 4357 736 4426; baseline 0.003 -18"><span class='ocrx_word' id='word_1_239' title='bbox 377 4367 461 4408; x_wconf 83' lang='lat' dir='ltr'>movet</span> <span class='ocrx_word' id='word_1_240' title='bbox 478 4367 503 4409; x_wconf 89' lang='lat' dir='ltr'>et</span> <span class='ocrx_word' id='word_1_241' title='bbox 521 4359 547 4408; x_wconf 92' lang='lat' dir='ltr'>in</span> <span class='ocrx_word' id='word_1_242' title='bbox 568 4357 580 4426; x_wconf 79' lang='grc' dir='ltr'>Η</span> <span class='ocrx_word' id='word_1_243' title='bbox 604 4363 652 4409; x_wconf 85' lang='grc'>231</span> <span class='ocrx_word' id='word_1_244' title='bbox 675 4361 736 4425; x_wconf 89' lang='lat' dir='ltr'>quia</span> 
     </span>
    </p>
   </div>
   <div class='ocr_carea' id='block_1_5' title="bbox 0 0 1514 5143">
    <p class='ocr_par' dir='ltr' id='par_1_5' title="bbox 0 0 1514 5143">
     <span class='ocr_line' id='line_1_36' title="bbox 0 0 1514 5143; baseline 0 0"><span class='ocrx_word' id='word_1_245' title='bbox 0 0 1514 5143; x_wconf 95' lang='lat' dir='ltr'> </span> 
     </span>
    </p>
   </div>
  </div>
 </body>
</html>
