2996 5148
361 444 424 508 226
901 437 946 501 Vl

360 611 464 692 guttai
488 610 542 674 vix
565 611 666 674 instar
688 615 780 676 erunt
802 609 896 674 nnius
919 608 1127 692 adaugmen;

242 750 245 756 ’
285 747 335 794 ere
360 747 423 808 quo
447 725 551 790 minue
574 730 623 791 eet
644 724 757 790 mirum
783 745 868 789 mare
892 745 956 790 nen
979 744 1154 806 augescere
1176 745 1346 807 magnum.

361 847 530 924 praeterea
553 860 703 920 magnam
727 840 775 904 sol
797 847 919 924 partem
943 839 1081 903 detrahit
1103 847 1214 904 aestu.

361 955 478 1038 quippe
501 955 645 1020 ridemus
669 955 752 1018 enim
776 955 875 1020 vestie
897 973 1008 1019 umore
1030 953 1188 1019 madentis

361 1069 524 1134 exsiccare
547 1069 614 1134 suis
637 1069 738 1135 radiis
761 1069 940 1134 ardentibu’
964 1069 1086 1134 selem:

360 1191 395 1249 at
418 1183 534 1266 pelage
558 1184 659 1250 multa
682 1191 713 1249 et
735 1185 799 1250 lete
822 1185 985 1250 substrata
1007 1183 1173 1249 videmus.

284 1319 334 1366 rao
361 1299 495 1382 proinde
519 1301 593 1364 lieet
615 1300 762 1381 quemvis
789 1317 829 1364 ex
852 1319 914 1364 nno
938 1318 1065 1381 quoque
1088 1297 1163 1363 loen
1183 1299 1233 1363 eol

359 1413 478 1478 umoris
501 1435 632 1498 parvam
655 1414 777 1480 delibet
798 1415 840 1480 ab
863 1433 1004 1495 aequore
1027 1418 1170 1496 partem:

359 1528 492 1610 largiter
512 1530 545 1592 in
567 1534 657 1593 tanto
680 1529 914 1612 spatio-tamen
938 1527 1064 1594 auferet
1087 1527 1201 1593 undis.

358 1649 424 1708 tum
448 1665 543 1728 porro
566 1643 650 1708 venti
674 1663 802 1726 quoque
826 1663 977 1724 magnam
1000 1642 1112 1708 tollere
1136 1649 1261 1725 partem

357 1745 477 1824 umeris
499 1765 634 1843 possunt
655 1766 819 1824 verrentes
842 1777 1006 1840 aequore,
1023 1757 1126 1834 ventis

284 1894 334 1940 aar>
358 1895 422 1938 una
444 1881 538 1938 noete
559 1873 628 1938 viar
651 1873 802 1955 qnoniam
825 1889 983 1956 persaepe
1005 1871 1150 1937 videmus

359 1989 472 2054 aieeari
497 1987 666 2070 mollisque
690 1988 748 2052 luti
770 2005 976 2053 eonereeeere
999 1991 1144 2052 errretae.

360 2109 527 2188 praeterea
551 2101 645 2167 doeni
667 2103 799 2166 multum
822 2121 949 2184 quoqne
972 2100 1083 2166 tollere
1106 2100 1207 2166 nubes

356 2235 498 2282 umorem
522 2236 639 2298 magno
663 2222 851 2301 eoneeptnm
873 2235 913 2282 ex
936 2234 1079 2296 aequore
1102 2214 1211 2298 ponti,

357 2338 389 2396 et
411 2331 529 2414 passim
552 2337 618 2396 toto
642 2337 797 2396 terrarum
820 2349 974 2414 spargere
996 2329 1029 2394 in
1053 2330 1142 2413 orbi,

280 2465 330 2511 eeo
359 2465 431 2509 eum
455 2445 535 2530 pluit
557 2447 588 2510 in
610 2447 703 2511 terrie
726 2453 757 2510 et
779 2445 864 2512 venti
888 2445 999 2510 nubila
1020 2450 1166 2528 portant.

357 2567 519 2643 pestremo
544 2561 695 2642 quoniam
718 2581 793 2626 raro
817 2579 889 2626 eum
913 2579 1048 2644 corpore
1070 2559 1165 2626 tellus

356 2681 425 2756 esi,
443 2679 474 2739 et
497 2674 714 2758 eoniunetaet,
731 2695 804 2740 oras
827 2675 926 2740 maris
949 2677 1090 2757 undique
1112 2674 1269 2754 angens,

357 2787 473 2872 debet,
490 2795 524 2854 ut
546 2789 579 2854 in
601 2810 688 2854 mare
710 2789 751 2855 de
775 2790 867 2856 terris
890 2790 977 2854 venit
999 2809 1090 2854 umor
1112 2789 1228 2871 aquai,

358 2903 392 2968 in
415 2909 517 2970 terras
540 2905 653 2970 itidem
676 2925 805 2971 manare
829 2924 871 2970 ex
893 2925 1034 2987 aequore
1056 2898 1162 2970 salse:

282 3039 332 3086 eae
357 3019 538 3103 percolatur
561 3020 646 3085 enim
669 3021 775 3097 virus,
792 3027 941 3103 retroque
964 3026 1112 3087 remanat

358 3135 510 3200 materies
532 3135 652 3200 umeris
674 3144 705 3200 et
728 3135 770 3200 ad
792 3143 889 3220 eaput
910 3133 1060 3202 amnibus
1082 3133 1185 3199 emnia

285 3319 292 3335 ‚
357 3249 506 3333 confluit,
523 3249 599 3315 inde
622 3269 718 3335 anper
740 3257 844 3316 terras
867 3249 949 3315 redit
971 3249 1100 3332 agmine
1123 3247 1209 3314 dulei

358 3383 422 3444 qua
444 3363 497 3428 via
520 3371 609 3430 seete
630 3365 731 3431 semei
754 3363 877 3447 liquido
901 3363 983 3448 pede
1006 3362 1118 3428 detulit
1140 3363 1287 3454 undam]

394 3479 488 3543 Nune
511 3479 591 3544 ratio
616 3499 699 3561 quae
721 3479 783 3562 eit,
799 3497 858 3562 per
880 3476 993 3543 faueas
1016 3478 1131 3544 montis
1153 3485 1188 3544 ut
1210 3483 1337 3550 Aetnae

277 3613 327 3660 ero
359 3591 504 3675 expirent
526 3593 618 3677 ignes
641 3595 724 3658 inter
746 3593 822 3658 dum
845 3591 971 3656 turbine
992 3597 1102 3675 tanto,

358 3706 548 3790 expediam:
564 3726 669 3790 neque
692 3708 777 3772 enirn
800 3706 952 3774 mediocri
976 3706 1069 3772 elade
1091 3715 1199 3775 enoria

356 3818 504 3886 flammea
525 3829 700 3908 tempestae
723 3822 866 3888 Siculum
888 3824 1054 3890 dominata
1076 3844 1133 3910 per
1155 3845 1252 3906 agree

358 3933 499 4002 finitimis
522 3935 564 4002 ad
586 3956 623 4004 ae
646 3937 802 4004 eonvertit
823 3938 972 4022 gentibue
995 3959 1072 4019 ere,

361 4235 410 4282 616
428 4235 466 4284 eol
486 4251 604 4300 magnam
625 4239 638 4306 Η
660 4242 708 4290 621
730 4240 761 4290 ad
781 4237 795 4306 Η
821 4243 872 4290 624
891 4241 975 4291 venti.
1002 4241 1016 4308 ΙΙ
1041 4243 1091 4290 626
1110 4248 1236 4291 cremerae.
1257 4239 1271 4308 ΙΙ
1292 4244 1343 4292 629
1362 4238 1456 4292 orben,

362 4323 411 4370 632
434 4323 516 4386 magis
545 4324 558 4391 ΙΙ
588 4327 638 4376 666
663 4327 721 4378 aurit
749 4325 763 4394 ΙΙ
793 4329 842 4380 669
867 4327 955 4380 faueas
985 4325 998 4396 Η
1026 4332 1074 4378 641
1100 4328 1185 4380 media
1212 4328 1299 4394 gracia
1328 4329 1359 4378 de
1385 4327 1398 4392 Η
1423 4323 1461 4371 pir

362 4407 491 4460 Flammae
