<?xml version="1.0" encoding="UTF-8"?>
<!DOCTYPE html PUBLIC "-//W3C//DTD XHTML 1.0 Transitional//EN"
    "http://www.w3.org/TR/xhtml1/DTD/xhtml1-transitional.dtd">
<html xmlns="http://www.w3.org/1999/xhtml" xml:lang="en" lang="en">
 <head>
  <title>
</title>
<meta http-equiv="Content-Type" content="text/html;charset=utf-8" />
  <meta name='ocr-system' content='tesseract 3.04.00' />
  <meta name='ocr-capabilities' content='ocr_page ocr_carea ocr_par ocr_line ocrx_word'/>
</head>
<body>
  <div class='ocr_page' id='page_1' title='image "./tlucreticarider24carugoog_0195.png"; bbox 0 0 2996 5148; ppageno 0'>
   <div class='ocr_carea' id='block_1_1' title="bbox 324 455 893 528">
    <p class='ocr_par' dir='ltr' id='par_1_1' title="bbox 324 455 893 528">
     <span class='ocr_line' id='line_1_1' title="bbox 324 455 893 528; baseline -0.014 -2"><span class='ocrx_word' id='word_1_1' title='bbox 324 464 383 528; x_wconf 74' lang='lat'>192</span> <span class='ocrx_word' id='word_1_2' title='bbox 867 455 893 518; x_wconf 92' lang='lat' dir='ltr'>V</span> 
     </span>
    </p>
   </div>
   <div class='ocr_carea' id='block_1_2' title="bbox 233 625 1263 4032">
    <p class='ocr_par' dir='ltr' id='par_1_2' title="bbox 233 625 1263 4032">
     <span class='ocr_line' id='line_1_2' title="bbox 319 625 1180 702; baseline -0.005 -8"><span class='ocrx_word' id='word_1_3' title='bbox 319 635 349 694; x_wconf 93' lang='lat' dir='ltr'>et</span> <span class='ocrx_word' id='word_1_4' title='bbox 373 648 440 692; x_wconf 88' lang='lat' dir='ltr'>cum</span> <span class='ocrx_word' id='word_1_5' title='bbox 466 625 581 690; x_wconf 81' lang='lat' dir='ltr'>deserti</span> <span class='ocrx_word' id='word_1_6' title='bbox 606 625 785 690; x_wconf 80' lang='lat' dir='ltr'>baubantur</span> <span class='ocrx_word' id='word_1_7' title='bbox 806 625 839 689; x_wconf 93' lang='lat' dir='ltr'>in</span> <span class='ocrx_word' id='word_1_8' title='bbox 862 625 1016 702; x_wconf 86' lang='lat' dir='ltr'>aedibus,</span> <span class='ocrx_word' id='word_1_9' title='bbox 1034 632 1089 690; x_wconf 90' lang='lat' dir='ltr'>ant</span> <span class='ocrx_word' id='word_1_10' title='bbox 1102 646 1180 691; x_wconf 86' lang='lat' dir='ltr'>cum</span> 
     </span>
     <span class='ocr_line' id='line_1_3' title="bbox 318 740 1127 828; baseline -0.002 -21"><span class='ocrx_word' id='word_1_11' title='bbox 318 743 474 828; x_wconf 85' lang='lat' dir='ltr'>plorantis</span> <span class='ocrx_word' id='word_1_12' title='bbox 496 740 622 824; x_wconf 86' lang='lat' dir='ltr'>fugiunt</span> <span class='ocrx_word' id='word_1_13' title='bbox 643 741 811 805; x_wconf 89' lang='lat' dir='ltr'>summisso</span> <span class='ocrx_word' id='word_1_14' title='bbox 835 759 969 824; x_wconf 88' lang='lat' dir='ltr'>corpore</span> <span class='ocrx_word' id='word_1_15' title='bbox 991 742 1127 825; x_wconf 78' lang='lat' dir='ltr'>plagas.</span> 
     </span>
     <span class='ocr_line' id='line_1_4' title="bbox 317 854 1121 940; baseline -0.004 -19"><span class='ocrx_word' id='word_1_16' title='bbox 317 858 456 940; x_wconf 90' lang='lat' dir='ltr'>denique</span> <span class='ocrx_word' id='word_1_17' title='bbox 479 875 543 922; x_wconf 91' lang='lat' dir='ltr'>non</span> <span class='ocrx_word' id='word_1_18' title='bbox 565 854 703 920; x_wconf 81' lang='lat' dir='ltr'>hinnitus</span> <span class='ocrx_word' id='word_1_19' title='bbox 725 855 801 920; x_wconf 89' lang='lat' dir='ltr'>item</span> <span class='ocrx_word' id='word_1_20' title='bbox 826 854 953 920; x_wconf 84' lang='lat' dir='ltr'>differre</span> <span class='ocrx_word' id='word_1_21' title='bbox 975 856 1121 928; x_wconf 79' lang='lat' dir='ltr'>videtur,</span> 
     </span>
     <span class='ocr_line' id='line_1_5' title="bbox 316 955 1172 1052; baseline 0 -18"><span class='ocrx_word' id='word_1_22' title='bbox 316 972 397 1035; x_wconf 86' lang='lat' dir='ltr'>inter</span> <span class='ocrx_word' id='word_1_23' title='bbox 420 955 521 1052; x_wconf 89' lang='lat' dir='ltr'>equas</span> <span class='ocrx_word' id='word_1_24' title='bbox 544 970 597 1034; x_wconf 90' lang='lat' dir='ltr'>ubi</span> <span class='ocrx_word' id='word_1_25' title='bbox 620 988 722 1052; x_wconf 87' lang='lat' dir='ltr'>equus</span> <span class='ocrx_word' id='word_1_26' title='bbox 743 969 868 1034; x_wconf 88' lang='lat' dir='ltr'>florenti</span> <span class='ocrx_word' id='word_1_27' title='bbox 891 975 995 1036; x_wconf 85' lang='lat' dir='ltr'>aetate</span> <span class='ocrx_word' id='word_1_28' title='bbox 1020 971 1172 1036; x_wconf 85' lang='lat' dir='ltr'>iuvencus</span> 
     </span>
     <span class='ocr_line' id='line_1_6' title="bbox 233 1083 1068 1169; baseline -0.005 -16"><span class='ocrx_word' id='word_1_29' title='bbox 233 1107 299 1153; x_wconf 75' lang='grc'><strong>11111</strong></span> <span class='ocrx_word' id='word_1_30' title='bbox 316 1085 473 1169; x_wconf 78' lang='lat' dir='ltr'>pinnigeri</span> <span class='ocrx_word' id='word_1_31' title='bbox 495 1083 598 1150; x_wconf 87' lang='lat' dir='ltr'>saevit</span> <span class='ocrx_word' id='word_1_32' title='bbox 621 1084 801 1149; x_wconf 86' lang='lat' dir='ltr'>calcaribus</span> <span class='ocrx_word' id='word_1_33' title='bbox 824 1083 905 1149; x_wconf 89' lang='lat' dir='ltr'>ictus</span> <span class='ocrx_word' id='word_1_34' title='bbox 928 1084 1068 1166; x_wconf 88' lang='lat' dir='ltr'>amoris,</span> 
     </span>
     <span class='ocr_line' id='line_1_7' title="bbox 317 1179 1198 1282; baseline -0.003 -16"><span class='ocrx_word' id='word_1_35' title='bbox 317 1207 349 1266; x_wconf 92' lang='lat' dir='ltr'>et</span> <span class='ocrx_word' id='word_1_36' title='bbox 373 1181 533 1266; x_wconf 81' lang='lat' dir='ltr'>fremitum</span> <span class='ocrx_word' id='word_1_37' title='bbox 556 1199 672 1282; x_wconf 88' lang='lat' dir='ltr'>patulis</span> <span class='ocrx_word' id='word_1_38' title='bbox 695 1199 747 1263; x_wconf 91' lang='lat' dir='ltr'>ubi</span> <span class='ocrx_word' id='word_1_39' title='bbox 772 1198 902 1263; x_wconf 91' lang='lat' dir='ltr'>naribus</span> <span class='ocrx_word' id='word_1_40' title='bbox 926 1179 993 1264; x_wconf 73' lang='lat' dir='ltr'>ertit</span> <span class='ocrx_word' id='word_1_41' title='bbox 1023 1199 1198 1281; x_wconf 73' lang='lat' dir='ltr'>odonna,</span> 
     </span>
     <span class='ocr_line' id='line_1_8' title="bbox 318 1313 1101 1381; baseline -0.004 0"><span class='ocrx_word' id='word_1_42' title='bbox 318 1324 349 1381; x_wconf 90' lang='lat' dir='ltr'>et</span> <span class='ocrx_word' id='word_1_43' title='bbox 372 1335 441 1381; x_wconf 83' lang='lat' dir='ltr'>curn</span> <span class='ocrx_word' id='word_1_44' title='bbox 466 1315 512 1380; x_wconf 90' lang='lat' dir='ltr'>sic</span> <span class='ocrx_word' id='word_1_45' title='bbox 535 1313 618 1378; x_wconf 88' lang='lat' dir='ltr'>alias</span> <span class='ocrx_word' id='word_1_46' title='bbox 641 1313 803 1379; x_wconf 79' lang='lat' dir='ltr'>concussis</span> <span class='ocrx_word' id='word_1_47' title='bbox 827 1314 949 1379; x_wconf 91' lang='lat' dir='ltr'>artibus</span> <span class='ocrx_word' id='word_1_48' title='bbox 971 1313 1101 1378; x_wconf 82' lang='lat' dir='ltr'>hinnit?</span> 
     </span>
     <span class='ocr_line' id='line_1_9' title="bbox 316 1428 1138 1514; baseline -0.001 -21"><span class='ocrx_word' id='word_1_49' title='bbox 316 1436 476 1514; x_wconf 90' lang='lat' dir='ltr'>postremo</span> <span class='ocrx_word' id='word_1_50' title='bbox 499 1449 601 1510; x_wconf 84' lang='lat' dir='ltr'>genus</span> <span class='ocrx_word' id='word_1_51' title='bbox 624 1428 754 1492; x_wconf 83' lang='lat' dir='ltr'>alituum</span> <span class='ocrx_word' id='word_1_52' title='bbox 777 1428 951 1510; x_wconf 87' lang='lat' dir='ltr'>variaeque</span> <span class='ocrx_word' id='word_1_53' title='bbox 973 1429 1138 1508; x_wconf 82' lang='lat' dir='ltr'>volucres,</span> 
     </span>
     <span class='ocr_line' id='line_1_10' title="bbox 317 1542 1153 1628; baseline -0.005 -18"><span class='ocrx_word' id='word_1_54' title='bbox 317 1543 485 1627; x_wconf 78' lang='lat' dir='ltr'>accipitres</span> <span class='ocrx_word' id='word_1_55' title='bbox 507 1550 604 1625; x_wconf 90' lang='lat' dir='ltr'>atque</span> <span class='ocrx_word' id='word_1_56' title='bbox 627 1543 807 1628; x_wconf 77' lang='lat' dir='ltr'>ossifragae</span> <span class='ocrx_word' id='word_1_57' title='bbox 831 1543 999 1625; x_wconf 83' lang='lat' dir='ltr'>mergique</span> <span class='ocrx_word' id='word_1_58' title='bbox 1020 1542 1153 1607; x_wconf 85' lang='lat' dir='ltr'>marinis</span> 
     </span>
     <span class='ocr_line' id='line_1_11' title="bbox 236 1657 1142 1741; baseline -0.006 -14"><span class='ocrx_word' id='word_1_59' title='bbox 236 1681 301 1727; x_wconf 81' lang='lat' dir='ltr'>roso</span> <span class='ocrx_word' id='word_1_60' title='bbox 317 1659 463 1724; x_wconf 86' lang='lat' dir='ltr'>fluctibus</span> <span class='ocrx_word' id='word_1_61' title='bbox 486 1659 518 1722; x_wconf 92' lang='lat' dir='ltr'>in</span> <span class='ocrx_word' id='word_1_62' title='bbox 541 1659 628 1724; x_wconf 85' lang='lat' dir='ltr'>salso</span> <span class='ocrx_word' id='word_1_63' title='bbox 651 1658 766 1722; x_wconf 89' lang='lat' dir='ltr'>victum</span> <span class='ocrx_word' id='word_1_64' title='bbox 790 1657 953 1741; x_wconf 88' lang='lat' dir='ltr'>vitamque</span> <span class='ocrx_word' id='word_1_65' title='bbox 975 1662 1142 1741; x_wconf 83' lang='lat' dir='ltr'>petentes,</span> 
     </span>
     <span class='ocr_line' id='line_1_12' title="bbox 318 1772 1112 1856; baseline -0.001 -18"><span class='ocrx_word' id='word_1_66' title='bbox 318 1775 414 1855; x_wconf 86' lang='lat' dir='ltr'>longe</span> <span class='ocrx_word' id='word_1_67' title='bbox 437 1773 519 1838; x_wconf 89' lang='lat' dir='ltr'>alias</span> <span class='ocrx_word' id='word_1_68' title='bbox 541 1773 606 1838; x_wconf 89' lang='lat' dir='ltr'>alio</span> <span class='ocrx_word' id='word_1_69' title='bbox 629 1772 749 1839; x_wconf 87' lang='lat' dir='ltr'>iaciunt</span> <span class='ocrx_word' id='word_1_70' title='bbox 773 1773 804 1837; x_wconf 92' lang='lat' dir='ltr'>in</span> <span class='ocrx_word' id='word_1_71' title='bbox 827 1779 972 1856; x_wconf 89' lang='lat' dir='ltr'>tempore</span> <span class='ocrx_word' id='word_1_72' title='bbox 995 1791 1112 1854; x_wconf 87' lang='lat' dir='ltr'>voces,</span> 
     </span>
     <span class='ocr_line' id='line_1_13' title="bbox 318 1885 1236 1972; baseline -0.004 -16"><span class='ocrx_word' id='word_1_73' title='bbox 318 1895 349 1956; x_wconf 90' lang='lat' dir='ltr'>et</span> <span class='ocrx_word' id='word_1_74' title='bbox 371 1909 465 1971; x_wconf 90' lang='lat' dir='ltr'>quom</span> <span class='ocrx_word' id='word_1_75' title='bbox 489 1889 528 1953; x_wconf 91' lang='lat' dir='ltr'>de</span> <span class='ocrx_word' id='word_1_76' title='bbox 551 1887 634 1953; x_wconf 86' lang='lat' dir='ltr'>victu</span> <span class='ocrx_word' id='word_1_77' title='bbox 659 1893 781 1952; x_wconf 74' lang='lat' dir='ltr'>cenant</span> <span class='ocrx_word' id='word_1_78' title='bbox 802 1885 1010 1972; x_wconf 84' lang='lat' dir='ltr'>praedaeque</span> <span class='ocrx_word' id='word_1_79' title='bbox 1032 1891 1236 1972; x_wconf 82' lang='lat' dir='ltr'>repugnant:</span> 
     </span>
     <span class='ocr_line' id='line_1_14' title="bbox 317 2002 1073 2089; baseline -0.004 -20"><span class='ocrx_word' id='word_1_80' title='bbox 317 2011 348 2070; x_wconf 91' lang='lat' dir='ltr'>et</span> <span class='ocrx_word' id='word_1_81' title='bbox 370 2003 484 2089; x_wconf 84' lang='lat' dir='ltr'>partim</span> <span class='ocrx_word' id='word_1_82' title='bbox 507 2009 629 2067; x_wconf 87' lang='lat' dir='ltr'>mutant</span> <span class='ocrx_word' id='word_1_83' title='bbox 651 2023 721 2067; x_wconf 89' lang='lat' dir='ltr'>cmo</span> <span class='ocrx_word' id='word_1_84' title='bbox 743 2002 985 2087; x_wconf 82' lang='lat' dir='ltr'>tempestatibus</span> <span class='ocrx_word' id='word_1_85' title='bbox 1007 2021 1073 2066; x_wconf 88' lang='lat' dir='ltr'>una</span> 
     </span>
     <span class='ocr_line' id='line_1_15' title="bbox 317 2115 1170 2200; baseline 0.001 -19"><span class='ocrx_word' id='word_1_86' title='bbox 317 2118 504 2182; x_wconf 90' lang='lat' dir='ltr'>raucisonos</span> <span class='ocrx_word' id='word_1_87' title='bbox 527 2123 656 2200; x_wconf 87' lang='lat' dir='ltr'>cantus,</span> <span class='ocrx_word' id='word_1_88' title='bbox 673 2115 835 2180; x_wconf 91' lang='lat' dir='ltr'>cornicum</span> <span class='ocrx_word' id='word_1_89' title='bbox 858 2121 893 2178; x_wconf 92' lang='lat' dir='ltr'>ut</span> <span class='ocrx_word' id='word_1_90' title='bbox 915 2117 1024 2182; x_wconf 89' lang='lat' dir='ltr'>saecla</span> <span class='ocrx_word' id='word_1_91' title='bbox 1046 2121 1170 2182; x_wconf 84' lang='lat' dir='ltr'>vetusta</span> 
     </span>
     <span class='ocr_line' id='line_1_16' title="bbox 237 2231 1263 2314; baseline -0.004 -14"><span class='ocrx_word' id='word_1_92' title='bbox 237 2255 303 2300; x_wconf 77' lang='lat' dir='ltr'>roas</span> <span class='ocrx_word' id='word_1_93' title='bbox 319 2251 547 2312; x_wconf 86' lang='lat' dir='ltr'>corvorumque</span> <span class='ocrx_word' id='word_1_94' title='bbox 569 2249 684 2314; x_wconf 79' lang='lat' dir='ltr'>greges</span> <span class='ocrx_word' id='word_1_95' title='bbox 706 2231 761 2295; x_wconf 92' lang='lat' dir='ltr'>ubi</span> <span class='ocrx_word' id='word_1_96' title='bbox 784 2249 900 2312; x_wconf 85' lang='lat' dir='ltr'>aquam</span> <span class='ocrx_word' id='word_1_97' title='bbox 925 2231 1072 2296; x_wconf 90' lang='lat' dir='ltr'>dicuntur</span> <span class='ocrx_word' id='word_1_98' title='bbox 1094 2237 1125 2295; x_wconf 87' lang='lat' dir='ltr'>et</span> <span class='ocrx_word' id='word_1_99' title='bbox 1148 2231 1263 2296; x_wconf 87' lang='lat' dir='ltr'>imbris</span> 
     </span>
     <span class='ocr_line' id='line_1_17' title="bbox 320 2344 1184 2432; baseline -0.006 -19"><span class='ocrx_word' id='word_1_100' title='bbox 320 2365 453 2432; x_wconf 90' lang='lat' dir='ltr'>poscere</span> <span class='ocrx_word' id='word_1_101' title='bbox 477 2351 508 2410; x_wconf 88' lang='lat' dir='ltr'>et</span> <span class='ocrx_word' id='word_1_102' title='bbox 530 2345 611 2408; x_wconf 91' lang='lat' dir='ltr'>inter</span> <span class='ocrx_word' id='word_1_103' title='bbox 634 2344 709 2408; x_wconf 89' lang='lat' dir='ltr'>dum</span> <span class='ocrx_word' id='word_1_104' title='bbox 731 2351 844 2410; x_wconf 89' lang='lat' dir='ltr'>ventos</span> <span class='ocrx_word' id='word_1_105' title='bbox 866 2365 1025 2428; x_wconf 86' lang='lat' dir='ltr'>aurasque</span> <span class='ocrx_word' id='word_1_106' title='bbox 1048 2363 1184 2412; x_wconf 84' lang='lat' dir='ltr'>vocare.</span> 
     </span>
     <span class='ocr_line' id='line_1_18' title="bbox 319 2459 1029 2550; baseline -0.004 -23"><span class='ocrx_word' id='word_1_107' title='bbox 319 2482 396 2544; x_wconf 85' lang='lat' dir='ltr'>ergo</span> <span class='ocrx_word' id='word_1_108' title='bbox 420 2460 446 2526; x_wconf 90' lang='lat' dir='ltr'>si</span> <span class='ocrx_word' id='word_1_109' title='bbox 469 2459 548 2523; x_wconf 88' lang='lat' dir='ltr'>varii</span> <span class='ocrx_word' id='word_1_110' title='bbox 572 2477 687 2524; x_wconf 89' lang='lat' dir='ltr'>sensus</span> <span class='ocrx_word' id='word_1_111' title='bbox 710 2459 864 2524; x_wconf 87' lang='lat' dir='ltr'>animalia</span> <span class='ocrx_word' id='word_1_112' title='bbox 886 2465 1029 2550; x_wconf 81' lang='lat' dir='ltr'>cogunt,¹</span> 
     </span>
     <span class='ocr_line' id='line_1_19' title="bbox 319 2574 1164 2660; baseline -0.001 -19"><span class='ocrx_word' id='word_1_113' title='bbox 319 2583 406 2641; x_wconf 89' lang='lat' dir='ltr'>muta</span> <span class='ocrx_word' id='word_1_114' title='bbox 428 2581 537 2639; x_wconf 89' lang='lat' dir='ltr'>tamen</span> <span class='ocrx_word' id='word_1_115' title='bbox 559 2593 629 2638; x_wconf 87' lang='lat' dir='ltr'>cum</span> <span class='ocrx_word' id='word_1_116' title='bbox 653 2574 735 2651; x_wconf 78' lang='lat' dir='ltr'>sint,</span> <span class='ocrx_word' id='word_1_117' title='bbox 753 2574 859 2640; x_wconf 86' lang='lat' dir='ltr'>varias</span> <span class='ocrx_word' id='word_1_118' title='bbox 882 2574 1026 2640; x_wconf 88' lang='lat' dir='ltr'>emittere</span> <span class='ocrx_word' id='word_1_119' title='bbox 1050 2595 1164 2660; x_wconf 87' lang='lat' dir='ltr'>voces,</span> 
     </span>
     <span class='ocr_line' id='line_1_20' title="bbox 320 2687 1151 2774; baseline 0.002 -21"><span class='ocrx_word' id='word_1_120' title='bbox 320 2697 439 2772; x_wconf 91' lang='lat' dir='ltr'>quanto</span> <span class='ocrx_word' id='word_1_121' title='bbox 462 2687 606 2752; x_wconf 87' lang='lat' dir='ltr'>mortalis</span> <span class='ocrx_word' id='word_1_122' title='bbox 627 2690 733 2770; x_wconf 82' lang='lat' dir='ltr'>magis</span> <span class='ocrx_word' id='word_1_123' title='bbox 756 2695 899 2756; x_wconf 86' lang='lat' dir='ltr'>aecumst</span> <span class='ocrx_word' id='word_1_124' title='bbox 921 2697 986 2752; x_wconf 91' lang='lat' dir='ltr'>tum</span> <span class='ocrx_word' id='word_1_125' title='bbox 1008 2690 1151 2774; x_wconf 86' lang='lat' dir='ltr'>potuisse</span> 
     </span>
     <span class='ocr_line' id='line_1_21' title="bbox 237 2801 1102 2885; baseline -0.006 -13"><span class='ocrx_word' id='word_1_126' title='bbox 237 2827 303 2872; x_wconf 79' lang='lat' dir='ltr'>rom</span> <span class='ocrx_word' id='word_1_127' title='bbox 321 2802 484 2870; x_wconf 88' lang='lat' dir='ltr'>dissimilis</span> <span class='ocrx_word' id='word_1_128' title='bbox 506 2801 572 2866; x_wconf 88' lang='lat' dir='ltr'>alia</span> <span class='ocrx_word' id='word_1_129' title='bbox 594 2809 687 2885; x_wconf 89' lang='lat' dir='ltr'>atque</span> <span class='ocrx_word' id='word_1_130' title='bbox 711 2804 777 2868; x_wconf 89' lang='lat' dir='ltr'>alia</span> <span class='ocrx_word' id='word_1_131' title='bbox 797 2823 849 2868; x_wconf 87' lang='lat' dir='ltr'>res</span> <span class='ocrx_word' id='word_1_132' title='bbox 870 2823 949 2870; x_wconf 88' lang='lat' dir='ltr'>voce</span> <span class='ocrx_word' id='word_1_133' title='bbox 970 2805 1102 2869; x_wconf 87' lang='lat' dir='ltr'>notare!</span> 
     </span>
     <span class='ocr_line' id='line_1_22' title="bbox 360 2917 1195 3007; baseline 0.001 -24"><span class='ocrx_word' id='word_1_134' title='bbox 360 2919 457 3007; x_wconf 90' lang='lat' dir='ltr'>[Illud</span> <span class='ocrx_word' id='word_1_135' title='bbox 480 2918 511 2982; x_wconf 92' lang='lat' dir='ltr'>in</span> <span class='ocrx_word' id='word_1_136' title='bbox 536 2918 584 2982; x_wconf 90' lang='lat' dir='ltr'>bis</span> <span class='ocrx_word' id='word_1_137' title='bbox 605 2919 699 2983; x_wconf 89' lang='lat' dir='ltr'>rebus</span> <span class='ocrx_word' id='word_1_138' title='bbox 722 2919 836 2984; x_wconf 82' lang='lat' dir='ltr'>tacitus</span> <span class='ocrx_word' id='word_1_139' title='bbox 859 2937 899 2984; x_wconf 91' lang='lat' dir='ltr'>ne</span> <span class='ocrx_word' id='word_1_140' title='bbox 921 2919 1004 2984; x_wconf 84' lang='lat' dir='ltr'>forte</span> <span class='ocrx_word' id='word_1_141' title='bbox 1026 2917 1195 3002; x_wconf 84' lang='lat' dir='ltr'>requiras,</span> 
     </span>
     <span class='ocr_line' id='line_1_23' title="bbox 320 3033 1107 3116; baseline -0.003 -18"><span class='ocrx_word' id='word_1_142' title='bbox 320 3035 439 3098; x_wconf 87' lang='lat' dir='ltr'>fulmen</span> <span class='ocrx_word' id='word_1_143' title='bbox 462 3033 574 3098; x_wconf 89' lang='lat' dir='ltr'>detulit</span> <span class='ocrx_word' id='word_1_144' title='bbox 596 3033 628 3096; x_wconf 92' lang='lat' dir='ltr'>in</span> <span class='ocrx_word' id='word_1_145' title='bbox 651 3039 767 3098; x_wconf 90' lang='lat' dir='ltr'>terram</span> <span class='ocrx_word' id='word_1_146' title='bbox 790 3035 979 3098; x_wconf 85' lang='lat' dir='ltr'>mortalibus</span> <span class='ocrx_word' id='word_1_147' title='bbox 1000 3036 1107 3116; x_wconf 86' lang='lat' dir='ltr'>ignem</span> 
     </span>
     <span class='ocr_line' id='line_1_24' title="bbox 318 3145 1195 3232; baseline -0.002 -20"><span class='ocrx_word' id='word_1_148' title='bbox 318 3148 482 3232; x_wconf 86' lang='lat' dir='ltr'>primitus,</span> <span class='ocrx_word' id='word_1_149' title='bbox 499 3147 573 3211; x_wconf 91' lang='lat' dir='ltr'>inde</span> <span class='ocrx_word' id='word_1_150' title='bbox 597 3147 699 3211; x_wconf 90' lang='lat' dir='ltr'>omnis</span> <span class='ocrx_word' id='word_1_151' title='bbox 722 3145 918 3211; x_wconf 86' lang='lat' dir='ltr'>flammarum</span> <span class='ocrx_word' id='word_1_152' title='bbox 941 3147 1058 3211; x_wconf 92' lang='lat' dir='ltr'>diditur</span> <span class='ocrx_word' id='word_1_153' title='bbox 1081 3147 1195 3210; x_wconf 86' lang='lat' dir='ltr'>ardor:</span> 
     </span>
     <span class='ocr_line' id='line_1_25' title="bbox 320 3261 1180 3327; baseline -0.001 -1"><span class='ocrx_word' id='word_1_154' title='bbox 320 3264 420 3327; x_wconf 81' lang='lat' dir='ltr'>rrrulta</span> <span class='ocrx_word' id='word_1_155' title='bbox 442 3261 587 3327; x_wconf 87' lang='lat' dir='ltr'>videmus</span> <span class='ocrx_word' id='word_1_156' title='bbox 611 3261 694 3325; x_wconf 87' lang='lat' dir='ltr'>euim</span> <span class='ocrx_word' id='word_1_157' title='bbox 718 3261 909 3327; x_wconf 85' lang='lat' dir='ltr'>caelestibus</span> <span class='ocrx_word' id='word_1_158' title='bbox 932 3261 1023 3326; x_wconf 88' lang='lat' dir='ltr'>inlita</span> <span class='ocrx_word' id='word_1_159' title='bbox 1045 3261 1180 3326; x_wconf 82' lang='lat' dir='ltr'>flaurmis</span> 
     </span>
     <span class='ocr_line' id='line_1_26' title="bbox 238 3374 1092 3460; baseline -0.007 -16"><span class='ocrx_word' id='word_1_160' title='bbox 238 3399 303 3444; x_wconf 82' lang='lat' dir='ltr'>roan</span> <span class='ocrx_word' id='word_1_161' title='bbox 321 3376 465 3459; x_wconf 82' lang='lat' dir='ltr'>fulgere,</span> <span class='ocrx_word' id='word_1_162' title='bbox 482 3397 552 3440; x_wconf 90' lang='lat' dir='ltr'>curn</span> <span class='ocrx_word' id='word_1_163' title='bbox 574 3375 655 3441; x_wconf 90' lang='lat' dir='ltr'>caeli</span> <span class='ocrx_word' id='word_1_164' title='bbox 678 3374 811 3440; x_wconf 85' lang='lat' dir='ltr'>donavit</span> <span class='ocrx_word' id='word_1_165' title='bbox 833 3376 930 3459; x_wconf 87' lang='lat' dir='ltr'>plaga</span> <span class='ocrx_word' id='word_1_166' title='bbox 953 3395 1092 3460; x_wconf 83' lang='lat' dir='ltr'>vapore.</span> 
     </span>
     <span class='ocr_line' id='line_1_27' title="bbox 321 3489 1147 3574; baseline -0.001 -19"><span class='ocrx_word' id='word_1_167' title='bbox 321 3497 352 3555; x_wconf 83' lang='lat' dir='ltr'>et</span> <span class='ocrx_word' id='word_1_168' title='bbox 374 3511 502 3555; x_wconf 88' lang='lat' dir='ltr'>ramosa</span> <span class='ocrx_word' id='word_1_169' title='bbox 525 3498 631 3556; x_wconf 81' lang='lat' dir='ltr'>tannen</span> <span class='ocrx_word' id='word_1_170' title='bbox 655 3510 726 3554; x_wconf 89' lang='lat' dir='ltr'>cum</span> <span class='ocrx_word' id='word_1_171' title='bbox 750 3489 852 3555; x_wconf 86' lang='lat' dir='ltr'>ventis</span> <span class='ocrx_word' id='word_1_172' title='bbox 874 3491 967 3574; x_wconf 88' lang='lat' dir='ltr'>pulsa</span> <span class='ocrx_word' id='word_1_173' title='bbox 990 3491 1147 3556; x_wconf 81' lang='lat' dir='ltr'>vacillans</span> 
     </span>
     <span class='ocr_line' id='line_1_28' title="bbox 320 3605 1123 3688; baseline -0.004 -18"><span class='ocrx_word' id='word_1_174' title='bbox 320 3605 499 3670; x_wconf 87' lang='lat' dir='ltr'>aestuatio</span> <span class='ocrx_word' id='word_1_175' title='bbox 524 3623 632 3668; x_wconf 88' lang='lat' dir='ltr'>ramos</span> <span class='ocrx_word' id='word_1_176' title='bbox 654 3605 841 3670; x_wconf 87' lang='lat' dir='ltr'>incumbens</span> <span class='ocrx_word' id='word_1_177' title='bbox 863 3605 987 3670; x_wconf 87' lang='lat' dir='ltr'>arboris</span> <span class='ocrx_word' id='word_1_178' title='bbox 1008 3606 1123 3688; x_wconf 86' lang='lat' dir='ltr'>arbor,</span> 
     </span>
     <span class='ocr_line' id='line_1_29' title="bbox 321 3717 1051 3803; baseline 0 -20"><span class='ocrx_word' id='word_1_179' title='bbox 321 3718 507 3803; x_wconf 89' lang='lat' dir='ltr'>exprimitur</span> <span class='ocrx_word' id='word_1_180' title='bbox 530 3717 645 3782; x_wconf 87' lang='lat' dir='ltr'>validis</span> <span class='ocrx_word' id='word_1_181' title='bbox 669 3719 801 3783; x_wconf 87' lang='lat' dir='ltr'>extritus</span> <span class='ocrx_word' id='word_1_182' title='bbox 824 3719 943 3786; x_wconf 76' lang='lat' dir='ltr'>viribus</span> <span class='ocrx_word' id='word_1_183' title='bbox 966 3719 1051 3802; x_wconf 89' lang='lat' dir='ltr'>ignis</span> 
     </span>
     <span class='ocr_line' id='line_1_30' title="bbox 321 3831 1134 3910; baseline -0.001 -12"><span class='ocrx_word' id='word_1_184' title='bbox 321 3842 351 3898; x_wconf 90' lang='lat' dir='ltr'>ot</span> <span class='ocrx_word' id='word_1_185' title='bbox 374 3833 468 3897; x_wconf 86' lang='lat' dir='ltr'>micat</span> <span class='ocrx_word' id='word_1_186' title='bbox 490 3833 572 3896; x_wconf 89' lang='lat' dir='ltr'>inter</span> <span class='ocrx_word' id='word_1_187' title='bbox 594 3831 667 3896; x_wconf 89' lang='lat' dir='ltr'>dum</span> <span class='ocrx_word' id='word_1_188' title='bbox 691 3833 832 3898; x_wconf 85' lang='lat' dir='ltr'>flammai</span> <span class='ocrx_word' id='word_1_189' title='bbox 855 3833 998 3900; x_wconf 78' lang='lat' dir='ltr'>fervidus</span> <span class='ocrx_word' id='word_1_190' title='bbox 1019 3834 1134 3910; x_wconf 87' lang='lat' dir='ltr'>ardor,</span> 
     </span>
     <span class='ocr_line' id='line_1_31' title="bbox 239 3945 1176 4032; baseline -0.002 -20"><span class='ocrx_word' id='word_1_191' title='bbox 239 3967 304 4012; x_wconf 82' lang='lat' dir='ltr'>noo</span> <span class='ocrx_word' id='word_1_192' title='bbox 321 3957 429 4012; x_wconf 88' lang='lat' dir='ltr'>mutua</span> <span class='ocrx_word' id='word_1_193' title='bbox 452 3945 525 4010; x_wconf 89' lang='lat' dir='ltr'>dum</span> <span class='ocrx_word' id='word_1_194' title='bbox 548 3947 629 4012; x_wconf 90' lang='lat' dir='ltr'>inter</span> <span class='ocrx_word' id='word_1_195' title='bbox 652 3966 687 4012; x_wconf 91' lang='lat' dir='ltr'>se</span> <span class='ocrx_word' id='word_1_196' title='bbox 710 3948 786 4011; x_wconf 87' lang='lat' dir='ltr'>rami</span> <span class='ocrx_word' id='word_1_197' title='bbox 810 3949 990 4032; x_wconf 90' lang='lat' dir='ltr'>stirpesque</span> <span class='ocrx_word' id='word_1_198' title='bbox 1013 3955 1176 4014; x_wconf 87' lang='lat' dir='ltr'>teruntur.</span> 
     </span>
    </p>
   </div>
   <div class='ocr_carea' id='block_1_3' title="bbox 323 4245 1442 4494">
    <p class='ocr_par' dir='ltr' id='par_1_3' title="bbox 323 4245 1442 4494">
     <span class='ocr_line' id='line_1_32' title="bbox 327 4245 1415 4318; baseline 0.004 -24"><span class='ocrx_word' id='word_1_199' title='bbox 327 4249 388 4296; x_wconf 90' lang='grc'><strong>1071</strong></span> <span class='ocrx_word' id='word_1_200' title='bbox 406 4249 544 4299; x_wconf 77' lang='lat' dir='ltr'>deser-tibus</span> <span class='ocrx_word' id='word_1_201' title='bbox 556 4249 682 4298; x_wconf 84' lang='lat' dir='ltr'>nrrbautur</span> <span class='ocrx_word' id='word_1_202' title='bbox 695 4245 708 4316; x_wconf 82' lang='grc' dir='ltr'>ΙΙ</span> <span class='ocrx_word' id='word_1_203' title='bbox 729 4251 794 4297; x_wconf 76' lang='grc'><strong>1072</strong></span> <span class='ocrx_word' id='word_1_204' title='bbox 809 4249 936 4299; x_wconf 72' lang='lat' dir='ltr'>Plorantis</span> <span class='ocrx_word' id='word_1_205' title='bbox 956 4248 969 4318; x_wconf 73' lang='grc' dir='ltr'>Η</span> <span class='ocrx_word' id='word_1_206' title='bbox 992 4249 1117 4298; x_wconf 77' lang='grc'><strong>10761111)</strong></span> <span class='ocrx_word' id='word_1_207' title='bbox 1132 4247 1145 4316; x_wconf 79' lang='grc' dir='ltr'>Η</span> <span class='ocrx_word' id='word_1_208' title='bbox 1163 4251 1231 4298; x_wconf 80' lang='lat' dir='ltr'>tosa</span> <span class='ocrx_word' id='word_1_209' title='bbox 1246 4251 1415 4314; x_wconf 67' lang='lat' dir='ltr'>praedamque</span> 
     </span>
     <span class='ocr_line' id='line_1_33' title="bbox 328 4333 1442 4408; baseline 0.001 -25"><span class='ocrx_word' id='word_1_210' title='bbox 328 4339 432 4385; x_wconf 76' lang='grc'><strong>1094111</strong></span> <span class='ocrx_word' id='word_1_211' title='bbox 452 4335 465 4402; x_wconf 82' lang='grc' dir='ltr'>Η</span> <span class='ocrx_word' id='word_1_212' title='bbox 488 4339 554 4386; x_wconf 78' lang='grc'><strong>1000</strong></span> <span class='ocrx_word' id='word_1_213' title='bbox 573 4337 657 4399; x_wconf 72' lang='lat' dir='ltr'>gregis</span> <span class='ocrx_word' id='word_1_214' title='bbox 686 4337 690 4401; x_wconf 77' lang='grc' dir='ltr'>Ι</span> <span class='ocrx_word' id='word_1_215' title='bbox 713 4339 777 4386; x_wconf 86' lang='grc'><strong>1087</strong></span> <span class='ocrx_word' id='word_1_216' title='bbox 798 4337 874 4386; x_wconf 81' lang='lat' dir='ltr'>variis</span> <span class='ocrx_word' id='word_1_217' title='bbox 894 4333 908 4403; x_wconf 74' lang='lat' dir='ltr'>ll</span> <span class='ocrx_word' id='word_1_218' title='bbox 931 4339 996 4386; x_wconf 81' lang='grc'><strong>1088</strong></span> <span class='ocrx_word' id='word_1_219' title='bbox 1012 4338 1094 4385; x_wconf 85' lang='lat' dir='ltr'>Multa</span> <span class='ocrx_word' id='word_1_220' title='bbox 1115 4370 1125 4401; x_wconf 66' lang='grc' dir='ltr'>,Ι</span> <span class='ocrx_word' id='word_1_221' title='bbox 1150 4341 1217 4387; x_wconf 91' lang='grc'><strong>1090</strong></span> <span class='ocrx_word' id='word_1_222' title='bbox 1237 4353 1265 4387; x_wconf 89' lang='lat' dir='ltr'>re</span> <span class='ocrx_word' id='word_1_223' title='bbox 1285 4336 1299 4408; x_wconf 79' lang='grc' dir='ltr'>Η</span> <span class='ocrx_word' id='word_1_224' title='bbox 1323 4343 1388 4388; x_wconf 77' lang='lat' dir='ltr'>tuat</span> <span class='ocrx_word' id='word_1_225' title='bbox 1407 4339 1442 4384; x_wconf 81' lang='lat' dir='ltr'>in·</span> 
     </span>
     <span class='ocr_line' id='line_1_34' title="bbox 323 4421 1441 4494; baseline -0.002 -22"><span class='ocrx_word' id='word_1_226' title='bbox 323 4425 372 4473; x_wconf 76' lang='lat' dir='ltr'>site</span> <span class='ocrx_word' id='word_1_227' title='bbox 393 4423 406 4492; x_wconf 78' lang='grc' dir='ltr'>ΙΙ</span> <span class='ocrx_word' id='word_1_228' title='bbox 430 4427 494 4472; x_wconf 77' lang='grc'><strong>1095</strong></span> <span class='ocrx_word' id='word_1_229' title='bbox 515 4425 631 4488; x_wconf 80' lang='lat' dir='ltr'>vaporis.</span> <span class='ocrx_word' id='word_1_230' title='bbox 653 4421 666 4492; x_wconf 84' lang='grc' dir='ltr'>ΙΙ</span> <span class='ocrx_word' id='word_1_231' title='bbox 688 4427 753 4472; x_wconf 83' lang='grc'><strong>1090</strong></span> <span class='ocrx_word' id='word_1_232' title='bbox 774 4424 807 4474; x_wconf 84' lang='lat' dir='ltr'>Ut</span> <span class='ocrx_word' id='word_1_233' title='bbox 828 4423 841 4492; x_wconf 69' lang='lat' dir='ltr'>ll</span> <span class='ocrx_word' id='word_1_234' title='bbox 865 4427 929 4472; x_wconf 89' lang='grc'><strong>1097</strong></span> <span class='ocrx_word' id='word_1_235' title='bbox 949 4425 1046 4473; x_wconf 69' lang='grc'><strong>1111111111</strong></span> <span class='ocrx_word' id='word_1_236' title='bbox 1065 4422 1079 4489; x_wconf 85' lang='grc' dir='ltr'>Η</span> <span class='ocrx_word' id='word_1_237' title='bbox 1100 4425 1198 4472; x_wconf 78' lang='lat' dir='ltr'>artioris</span> <span class='ocrx_word' id='word_1_238' title='bbox 1219 4423 1233 4494; x_wconf 80' lang='grc' dir='ltr'>Η</span> <span class='ocrx_word' id='word_1_239' title='bbox 1262 4429 1329 4475; x_wconf 83' lang='grc'><strong>1099</strong></span> <span class='ocrx_word' id='word_1_240' title='bbox 1349 4425 1441 4475; x_wconf 61' lang='lat' dir='ltr'>&amp;nicar</span> 
     </span>
    </p>
   </div>
   <div class='ocr_carea' id='block_1_4' title="bbox 0 0 1502 5148">
    <p class='ocr_par' dir='ltr' id='par_1_4' title="bbox 0 0 1502 5148">
     <span class='ocr_line' id='line_1_35' title="bbox 0 0 1502 5148; baseline 0 10"><span class='ocrx_word' id='word_1_241' title='bbox 0 0 1502 5148; x_wconf 95' lang='lat' dir='ltr'> </span> 
     </span>
    </p>
   </div>
  </div>
 </body>
</html>
