3110 5146
669 369 697 436 V
1176 369 1239 436 339

131 563 252 606 suoru
262 563 307 606 u.
324 542 374 606 lta
396 539 476 606 liaeo
498 539 758 626 interpungenda
773 545 848 604 sunt
866 547 978 605 eontra
993 545 1131 606 mentem
1146 538 1240 606 iuter·

132 648 255 728 pratum
270 692 278 728 ,
294 642 349 726 qui
372 641 418 708 ita
439 646 651 728 acceperunt,
667 641 760 726 quasi
783 646 870 708 esset
884 639 1015 728 Neqar'd
1022 690 1032 724 ,
1048 639 1184 728 Neqaocl
1204 642 1240 706 ob

131 743 431 832 almasamsoede.
447 744 556 828 itaque
570 743 747 810 scribemus
762 743 870 830 potius
884 742 1034 829 Napaioi,
1049 743 1078 808 si
1094 761 1147 808 res
1168 761 1241 828 pos·

131 847 266 932 tulabit3
281 845 471 932 praesertim
486 863 558 911 eum
578 847 728 912 eomodo
744 847 797 914 uel
819 848 852 912 in
868 845 1004 932 publieis
1019 845 1241 920 instrumentis

7 999 17 1022 .
132 957 299 1036 peceatum
322 967 393 1016 esse
414 947 601 1016 videamus.
618 955 703 1015 eerte
726 948 760 1014 in
782 948 856 1032 lege
870 948 954 1015 Iulia
975 947 1242 1033 munieipali120

132 1052 284 1139 seriptum
307 1056 356 1116 est
368 1075 495 1136 quemve
510 1051 692 1118 kalumniae
698 1052 989 1138 praevaricationis
1003 1075 1118 1118 eoaeea
1132 1075 1240 1116 aecae-

131 1154 382 1238 soeeefeoreeeve
396 1151 483 1240 qaod
495 1152 669 1218 lude'eatam
689 1166 734 1219 eet
748 1154 808 1219 erit
817 1202 827 1236 ‚
843 1152 930 1238 quod
946 1151 1043 1218 debet
1061 1153 1240 1239 esseseer'e-
1259 1207 1261 1212 .

130 1282 201 1324 seve
216 1255 364 1343 quadret
377 1253 497 1334 ibidem
513 1256 551 1320 ll
568 1269 643 1322 neve
659 1279 764 1321 mrum
779 1254 866 1342 quod
874 1305 883 1338 ,
899 1255 960 1322 hoe
974 1260 1023 1321 eal
1037 1255 1135 1342 qued,
1151 1280 1240 1343 saep·

132 1373 194 1426 tam
211 1359 391 1424 olaaeamue
410 1357 537 1424 lahela.
553 1357 617 1442 iam
632 1356 766 1444 aliquod
778 1357 924 1424 solvendi
941 1371 1061 1445 lampae
1076 1357 1105 1424 si
1121 1358 1239 1424 diaere-

130 1469 182 1528 tur
197 1458 368 1526 adductum
383 1477 475 1544 esse,
492 1459 734 1542 intellegerem:
749 1459 916 1542 adactum,
931 1460 1018 1542 quod
1034 1458 1110 1526 feeit
1125 1460 1240 1526 Marul-

131 1565 183 1630 lus
197 1612 206 1646 ,
222 1581 287 1628 nou
299 1561 415 1648 nepio,
431 1562 509 1648 quia
519 1559 648 1648 adipere
659 1560 748 1626 aliud
761 1567 810 1626 est
822 1581 919 1646 quam
930 1559 1091 1628 adducere
1103 1610 1111 1628 .
1123 1561 1240 1628 odoac-

130 1680 196 1732 tum
211 1683 307 1731 nemo
323 1662 382 1728 luit
395 1663 450 1746 qui
465 1669 626 1729 tueretur:
642 1664 695 1747 qui
711 1682 788 1730 vero
805 1662 953 1730 solvendi
969 1670 1093 1748 tempus
1109 1663 1155 1728 od
1168 1689 1239 1730 oao-

130 1783 197 1834 eum
217 1787 290 1833 esse
305 1765 457 1833 dixerunt
476 1762 525 1849 (id
548 1772 597 1830 est
618 1764 660 1831 ad
676 1764 804 1850 plenam
827 1765 1041 1832 maturitatem
1064 1785 1156 1832 suam
1171 1786 1241 1852 per·

130 1857 282 1950 duemm,
298 1874 333 1934 ut
349 1865 586 1952 Wakefieldus)
607 1873 664 1932 aut
686 1886 757 1932 eum
779 1866 938 1934 Brixiensi
961 1865 1102 1934 editione
1123 1867 1169 1932 od
1189 1893 1241 1934 oe·

129 1988 197 2038 tum
213 1970 262 2055 (id
278 1976 326 2036 est
337 1970 484 2056 proxime
498 1977 575 2036 ante
586 1976 692 2037 aetum
705 1989 812 2036 rerum
824 1977 857 2036 et
868 1968 938 2036 dies
951 1969 1072 2056 laetos,
1089 1977 1124 2036 ut
1135 1971 1241 2056 priore

128 2075 317 2158 eelogarum
344 2069 484 2138 editione
507 2070 681 2158 Orellius)‚
697 2091 762 2138 nou
789 2069 940 2138 videntur
966 2073 1149 2140 meminisse
1177 2075 1241 2157 gri·

128 2178 215 2264 phos
237 2181 269 2240 et
284 2172 518 2260 implioatioues
532 2173 702 2240 verborum
718 2174 758 2240 ab
774 2173 867 2240 huius
886 2177 1003 2259 politae
1019 2174 1149 2258 ingenio
1165 2175 1241 2242 alie-

128 2298 192 2344 nas
208 2296 302 2342 esse.
318 2294 396 2360 ergo
411 2275 438 2341 si
454 2275 646 2343 voeabulum
658 2277 796 2362 simplex
811 2282 843 2342 et
857 2275 904 2342 rei
917 2281 1130 2362 opportunum
1145 2297 1242 2362 quae·

128 2378 268 2448 rendum
282 2383 351 2462 est,
367 2377 465 2462 mihi,
480 2385 516 2444 ul
530 2393 618 2445 oetas
632 2377 745 2445 adalo
756 2378 892 2468 dicitur,
909 2378 1048 2462 itemque
1063 2404 1117 2446 ver
1132 2390 1164 2447 et
1174 2407 1241 2448 aee·

129 2499 202 2564 tae,
218 2482 265 2546 ita
279 2499 343 2546 nou
359 2479 465 2546 minus
480 2481 609 2567 proprie
624 2481 751 2548 videtur
763 2481 826 2546 diei
841 2501 938 2567 posse
949 2482 1130 2549 Poenorum
1142 2508 1242 2570 prave

129 2581 278 2653 solvendi
301 2595 420 2670 ternpus
446 2603 642 2668 nnuuruu,
659 2582 789 2668 quando
819 2590 978 2648 maturum
1007 2590 1039 2650 et
1064 2585 1242 2670 perfeetum

130 2696 203 2756 est.
219 2684 280 2750 hoe
302 2691 409 2751 autem
432 2685 460 2752 si
475 2683 671 2770 probamus,
687 2684 824 2772 Nequod
843 2685 947 2751 loeum
963 2706 1027 2752 non
1050 2685 1166 2771 habet,
1183 2686 1241 2754 sed

130 2793 307 2860 Naoura.

222 2889 314 2955 1226.
337 2889 466 2956 Suuua
478 2909 591 2953 uersu
605 2909 678 2953 cuu
689 2909 769 2954 vus.
786 2887 971 2967 Quadratus
983 2890 1122 2956 Summet
1133 2892 1242 2956 etiam.

130 2992 289 3060 Marullus
300 2990 451 3056 Sonus.
467 3010 563 3058 versu
579 2992 725 3077 proximo
737 2990 896 3074 oblongus
907 2991 1026 3058 elauris
1038 3012 1097 3077 pro
1112 2992 1242 3059 emesa.

221 3095 313 3162 1229.
335 3114 443 3158 vorrs
466 3115 579 3158 suurn
603 3113 720 3156 rencs
743 3113 897 3164 ouesrr.
914 3091 1071 3162 Antonius
1096 3095 1188 3160 Marii
1212 3102 1244 3160 et

132 3196 290 3264 Marullus
306 3195 374 3260 odit
388 3217 432 3260 nc
441 3220 558 3284 prece.
574 3195 754 3278 quadratus
766 3220 900 3282 praece,
915 3194 1002 3278 quod
1022 3194 1243 3280 frequentissi-

131 3321 220 3366 mum
243 3296 406 3364 seribendi
428 3317 533 3380 genus
555 3297 659 3362 estin
685 3297 777 3364 libris
799 3317 883 3364 nono
906 3297 1035 3364 saeeulo
1058 3298 1244 3381 antiquiori-

133 3403 215 3485 bus,
239 3408 275 3466 ut
293 3401 452 3488 praetium
463 3449 472 3482 ‚
485 3423 672 3488 praemere,
691 3423 846 3488 praepes,
869 3400 979 3466 laeta
990 3448 999 3482 ,
1020 3398 1224 3466 adeaelerore
1234 3450 1243 3482 ‚
1322 3403 1326 3412 “

133 3503 340 3585 Poedt'orrae,
357 3501 529 3588 aepulari,
551 3499 675 3568 eoeoidt'
683 3550 692 3584 ,
712 3501 894 3588 quaerella,
913 3503 1125 3588 ooepreeala‚
1148 3505 1243 3569 tinter-

128 3605 282 3694 proetare’
289 3653 298 3687 ,
308 3605 440 3691 pioetae
449 3652 458 3688 ,
478 3603 650 3687 aeotaelae,
667 3604 742 3670 item
759 3603 917 3690 plaeaas,
938 3604 1102 3688 alternus,
1122 3604 1243 3690 raeda,

133 3707 365 3791 laenocinium,
379 3705 605 3793 palearumque,
621 3725 706 3790 quae
720 3705 841 3772 indicio
865 3713 939 3773 sunt
953 3707 1033 3774 haee
1055 3706 1215 3774 voeabula
1230 3733 1245 3773 e

134 3815 268 3894 aperto,
284 3807 371 3892 quod
392 3807 467 3873 Itali
490 3806 620 3890 dieunt,
637 3807 834 3894 proferenda
847 3828 940 3876 esse.
957 3809 1017 3876 hoe
1032 3816 1145 3895 aperto
1164 3829 1244 3875 sono

134 3911 200 3976 ruri
227 3910 378 3976 dieebant
393 3921 505 3995 pretor
530 3929 595 3992 quo
623 3917 766 3996 tempore
794 3911 827 3976 iu
854 3911 934 3980 urbe
963 3936 1001 3978 oe
1027 3910 1246 3997 diphthongus

135 4011 243 4096 audiri
266 4011 411 4078 nondum
434 4010 594 4077 desierat.

223 4113 316 4180 1230.
340 4113 549 4179 Vasroauu
571 4133 735 4177 euvinus
757 4135 897 4180 ruens.
913 4117 962 4182 De
976 4115 1036 4183 hoe
1051 4135 1146 4183 versu
1162 4115 1247 4182 idem

135 4215 307 4280 dicendum
324 4222 373 4282 est
394 4215 480 4300 quod
498 4235 598 4300 supra
619 4215 686 4281 dixi
709 4215 750 4282 de
768 4217 848 4284 1031
870 4216 942 4282 libri
965 4217 1050 4284 tertii
1063 4266 1071 4284 .
1086 4237 1161 4283 nam
1176 4241 1246 4284 oen-

134 4331 238 4382 torum
256 4341 353 4403 paceo
376 4316 573 4402 ineptissime
600 4317 801 4386 subieiuntur
822 4319 925 4386 divom
945 4321 1040 4406 pact,
1056 4338 1122 4404 qua
1147 4319 1247 4402 sigui·

135 4418 249 4486 iieatur
270 4425 388 4506 paeata
415 4418 547 4485 deorum
574 4419 669 4486 sedes
683 4468 691 4484 .
707 4419 749 4488 ad
777 4423 899 4508 quaesit
925 4427 1032 4488 autem
1059 4427 1165 4486 mente
1191 4418 1247 4486 ad·

136 4521 279 4589 dandum
301 4527 351 4588 est
373 4545 444 4588 eos.

978 4623 1049 4692 22*
1125 4637 1130 4646 '
