3110 5146
667 375 710 439 Vl
1179 377 1242 442 393

134 551 231 618 babet
253 549 411 630 oblongus
428 570 435 612 :
450 547 509 612 sod
532 565 663 612 oausam
687 545 783 612 video
806 547 948 628 nullam,
965 565 1021 611 our
1037 545 1193 630 quadrato
1210 555 1243 614 et

133 650 262 718 sobodis
277 670 342 716 nou
356 649 400 714 sit
414 648 566 715 habenda
579 647 680 714 fides.
698 647 856 714 Antonius
875 648 969 714 Marii
984 673 1058 714 nam
1073 673 1155 713 nunc
1170 651 1243 736 ι’ρεα

133 754 171 820 de
194 779 230 820 re
252 752 376 834 dinero,
391 751 467 816 olim
489 751 638 836 impressi
661 775 735 815 nom
756 775 839 815 auno
861 751 934 836 ipso
956 752 1016 816 tibi
1034 751 1157 818 dicere.

220 857 294 923 770.
318 875 512 926 conusens
534 874 646 918 nonr.
671 853 874 920 correctores
893 858 1018 920 veteres
1034 875 1241 926 cu1usous.

220 959 293 1025 771.
316 957 447 1022 Murra
470 976 555 1020 cuso
578 975 674 1027 noun
697 975 788 1020 suun
811 975 982 1020 vuruurs.
1003 957 1100 1022 Reate
1124 957 1242 1023 Wake-

132 1060 269 1145 fieldus,
286 1069 318 1127 et
340 1057 470 1145 quidem
484 1057 627 1143 primus,
652 1057 754 1122 edidit
775 1059 842 1124 cibo
858 1077 957 1129 ouis
972 1072 1064 1124 sunt.
1085 1059 1131 1124 sio
1146 1080 1242 1126 vorsu

134 1163 219 1232 1095
231 1163 274 1230 Er
284 1176 393 1230 contro
404 1185 485 1248 quoe
495 1162 560 1226 sint
571 1161 674 1225 morbo
685 1161 839 1246 mortique
849 1174 1000 1226 necessest
1011 1162 1116 1228 Malta
1127 1162 1241 1229 volare.

219 1265 292 1332 777.
315 1285 384 1327 unu
405 1283 549 1327 anans.
566 1262 719 1328 Marullus
738 1285 798 1348 per
819 1282 973 1328 sunaus.

220 1367 293 1432 778.
316 1387 471 1430 rurusrs
493 1385 617 1436 Arous
639 1385 779 1428 sursus
802 1385 940 1428 suoru.
966 1365 1080 1428 Tactus
1096 1364 1156 1430 boo
1171 1365 1242 1432 looo

132 1490 193 1557 pro
217 1469 317 1536 odore
339 1469 448 1555 inopte
470 1467 606 1550 dieitur,
622 1467 701 1551 quia
723 1467 830 1534 statim
853 1466 996 1550 seqnitur
1018 1479 1102 1532 taccu
1123 1467 1242 1553 simpli·

133 1574 214 1639 niter
225 1572 364 1657 positum
376 1570 507 1656 proprio
519 1570 734 1636 sonsn.nulla
745 1590 815 1636 oum
827 1569 935 1654 spooio
947 1568 1123 1636 Lambinus
1135 1569 1241 1653 odoro,

133 1675 301 1742 Bentleins
316 1699 429 1740 seam.
449 1671 621 1756 legendum
638 1678 686 1740 est
701 1696 817 1758 aspera
832 1691 1001 1738 sonoro.
1017 1671 1098 1737 libro
1115 1691 1145 1756 v,
1160 1672 1243 1738 1330

122 1779 220 1866 foros
243 1776 345 1842 dareris
367 1775 519 1842 αᾶαοιιιε.
536 1775 569 1841 in
589 1795 635 1859 ιιι,
651 1775 709 1839 171
729 1775 778 1840 oio
793 1774 925 1840 horrida
940 1775 997 1840 reti
1008 1776 1093 1840 intuo
1108 1773 1242 1839 ndaow.

132 1879 220 1948 idem
236 1886 286 1945 est
300 1878 439 1944 adiectus
453 1927 460 1942 .
477 1877 561 1943 libro
573 1897 615 1960 rr,
628 1876 692 1942 678
706 1899 768 1962 qno
775 1889 872 1964 puoto
883 1879 974 1942 nario
985 1876 1126 1943 adiectas
1137 1876 1244 1943 odoris

136 1985 282 2068 Tnnpnt.
299 1979 333 2045 iu
348 2002 370 2064 ι,
383 1980 446 2046 689
460 1993 582 2046 nostros
596 1977 721 2044 adiecta
736 1991 864 2065 tenpore
879 1992 999 2046 motus.

221 2083 292 2149 780.
321 2102 532 2146 rursrrurs.
555 2078 738 2160 Quadratus
760 2081 917 2146 trutr'cin.
940 2101 1087 2144 rursm
1116 2079 1188 2146 Itali
1212 2086 1244 2145 et

133 2185 305 2272 impressi.

220 2287 293 2355 781.
320 2309 426 2352 srsr.
465 2287 536 2354 782.
564 2307 720 2352 munero
753 2307 866 2350 sasso
900 2307 1118 2358 ssuucnonu
1152 2307 1241 2350 uns-

133 2413 305 2464 vssous.
321 2389 416 2476 Apud
429 2390 568 2458 Nouium
579 2410 611 2476 p.
622 2390 695 2473 394,
711 2390 770 2473 18,
786 2391 849 2454 suist
864 2389 1004 2470 omisso,
1020 2391 1138 2477 obsestu
1150 2415 1243 2456 sensu
1342 2473 1344 2478 ,

133 2519 270 2583 spurcae
289 2494 480 2581 pravisque.

220 2597 292 2664 787.
321 2616 465 2660 rsuruo
493 2616 685 2660 oonsnnrs
719 2615 885 2661 sursus.
916 2595 1084 2662 Correotor
1111 2593 1242 2679 oblongi

133 2721 297 2766 uacans.

220 2804 293 2869 788.
315 2822 413 2866 usuc
435 2819 636 2864 runrorsrs
659 2820 725 2863 ux.
742 2800 897 2867 Marullus
920 2821 1007 2864 runo
1030 2821 1162 2866 uranus
1185 2827 1241 2868 en.

221 2907 294 2973 791.
328 2926 390 2970 our
420 2923 530 2968 sorus
554 2901 701 2968 Nrnons
731 2921 917 2966 urrunnu
945 2925 1085 2989 nauus,
1109 2925 1243 2968 conso·

134 3031 193 3074 m
216 3029 368 3072 moun.
403 3007 552 3089 Primus,
577 3004 639 3070 uisi
662 3003 777 3089 fallor,
794 3005 970 3072 Lambinus
991 3029 1078 3071 scm
1100 3009 1242 3074 Nidore.

134 3117 274 3178 uelorum
289 3110 440 3176 Vossiani
462 3108 581 3174 babent
600 3109 762 3193 consopit,
782 3126 847 3174 uon
863 3133 933 3174 cnm
954 3111 1056 3195 sopit,
1077 3109 1162 3194 quod
1178 3111 1241 3176 Ha·

133 3211 299 3297 voroampi
321 3213 486 3278 inventum
508 3217 576 3278 est.

221 3315 293 3380 798.
317 3335 597 3379 susurremus.
620 3313 695 3378 Itali
718 3318 750 3379 et
771 3313 919 3398 impressi
942 3334 1226 3380 nannrscrsur.

220 3419 292 3486 799.
328 3420 503 3490 Duumun
531 3439 563 3481 ει
590 3437 741 3481 cau1n1s
767 3435 881 3479 nrrsu
909 3437 1100 3482 susurras
1128 3439 1242 3484 usvu-

135 3543 217 3584 nms
232 3521 402 3585 Pnnnrou
423 3541 651 3604 susannam,
672 3540 780 3584 εοιιο
802 3541 1004 3584 rnnvnsrrs
1020 3542 1118 3593 sous
1135 3523 1243 3601 Qum

134 3645 275 3688 sucum
297 3645 334 3687 ru
356 3645 477 3688 usuro
501 3645 559 3686 rur
583 3643 644 3687 orr
666 3644 712 3686 nn
740 3644 856 3686 suurn
878 3627 1026 3690 sursus!
1060 3624 1243 3704 Quadratus

135 3729 229 3793 urbm
250 3739 404 3792 cumtors.
434 3731 594 3792 correotor
616 3723 748 3810 oblongi
775 3727 917 3792 lavaris.
944 3726 1019 3792 Itali
1042 3735 1074 3792 et
1096 3728 1242 3813 impressi

124 3829 285 3914 smnus
306 3849 443 3899 nourr.
475 3828 630 3893 Marullus
651 3829 687 3908 fir
708 3832 759 3895 nri
777 3851 843 3892 uns
857 3879 863 3893 .
878 3829 926 3892 in
949 3829 1088 3895 lavabris
1111 3829 1242 3897 haeren-

135 3930 211 3996 dum
234 3950 297 3995 non
323 3931 402 4016 iuit3
430 3929 517 4016 quod
546 3937 610 3995 tam
633 3927 781 3996 Latinum
808 3939 857 3998 est
883 3951 979 4016 quam
1006 3945 1033 3999 et
1052 3934 1162 4014 finatis
1183 3954 1242 4018 pro

134 4031 266 4098 finxeris
287 4033 459 4099 barbarum
482 4032 811 4104 etEiobstadianum.
831 4035 960 4101 lavabo
983 4041 1015 4101 et
1036 4035 1124 4100 labro
1146 4035 1243 4101 simil-

134 4135 212 4201 lima
233 4142 307 4201 sunt
329 4137 490 4202 lavatrinn
514 4143 546 4202 ot
568 4135 688 4203 latrina
698 4185 707 4220 ,
723 4157 858 4221 quorum
881 4137 961 4202 illud
980 4156 1038 4221 pro
1054 4138 1155 4204 altero
1172 4137 1242 4204 red-

135 4235 276 4302 dendum
299 4244 348 4304 ost
362 4238 540 4323 Pomponio
563 4237 650 4324 apud
667 4239 808 4306 Nonium
823 4261 855 4325 p.
867 4240 940 4324 504,
953 4239 994 4305 25
1018 4240 1070 4305 Ita
1085 4241 1242 4326 velimsa-

134 4341 203 4405 cias
216 4387 224 4404 .
239 4341 305 4406 iam
325 4339 451 4427 pridem
465 4341 533 4408 volo
543 4342 743 4408 lavatrinam
759 4344 827 4408 tavi
835 4392 844 4425 ‚
865 4349 897 4408 ot
918 4343 1022 4408 minus
1045 4351 1123 4408 nota
1138 4341 1243 4408 forma

134 4443 327 4510 vooabulum
336 4442 528 4530 praevides,
544 4443 578 4510 id
594 4449 644 4512 ost
656 4443 859 4530 praevades,
875 4445 909 4509 in
924 4445 997 4528 lego
1012 4443 1134 4510 Thoria
1147 4463 1242 4512 vorsu

133 4545 176 4612 46
190 4545 232 4610 47
251 4545 326 4630 100,
349 4546 383 4612 in
405 4564 469 4628 qua
487 4545 602 4612 eudem
623 4545 696 4630 lege
711 4545 812 4612 nihilo
828 4546 933 4611 minus
949 4566 1075 4632 sempor
1089 4545 1242 4631 seriptum
