<?xml version="1.0" encoding="UTF-8"?>
<!DOCTYPE html PUBLIC "-//W3C//DTD XHTML 1.0 Transitional//EN"
    "http://www.w3.org/TR/xhtml1/DTD/xhtml1-transitional.dtd">
<html xmlns="http://www.w3.org/1999/xhtml" xml:lang="en" lang="en">
 <head>
  <title>
</title>
<meta http-equiv="Content-Type" content="text/html;charset=utf-8" />
  <meta name='ocr-system' content='tesseract 3.04.00' />
  <meta name='ocr-capabilities' content='ocr_page ocr_carea ocr_par ocr_line ocrx_word'/>
</head>
<body>
  <div class='ocr_page' id='page_1' title='image "./tlucreticarider24carugoog_0165.png"; bbox 0 0 3020 5146; ppageno 0'>
   <div class='ocr_carea' id='block_1_1' title="bbox 355 439 926 508">
    <p class='ocr_par' dir='ltr' id='par_1_1' title="bbox 355 439 926 508">
     <span class='ocr_line' id='line_1_1' title="bbox 355 439 926 508; baseline -0.009 0"><span class='ocrx_word' id='word_1_1' title='bbox 355 443 415 508; x_wconf 83' lang='grc'><strong>162</strong></span> <span class='ocrx_word' id='word_1_2' title='bbox 688 445 697 464; x_wconf 86' lang='grc'><strong>”</strong></span> <span class='ocrx_word' id='word_1_3' title='bbox 899 439 926 503; x_wconf 91' lang='lat' dir='ltr'>V</span> 
     </span>
    </p>
   </div>
   <div class='ocr_carea' id='block_1_2' title="bbox 277 607 1328 4128">
    <p class='ocr_par' dir='ltr' id='par_1_2' title="bbox 277 607 1234 1262">
     <span class='ocr_line' id='line_1_2' title="bbox 348 607 1178 693; baseline 0.002 -19"><span class='ocrx_word' id='word_1_4' title='bbox 348 609 438 677; x_wconf 89' lang='lat' dir='ltr'>haud</span> <span class='ocrx_word' id='word_1_5' title='bbox 460 609 557 691; x_wconf 87' lang='lat' dir='ltr'>igitur</span> <span class='ocrx_word' id='word_1_6' title='bbox 580 613 727 674; x_wconf 85' lang='grc'><strong>55551551</strong></span> <span class='ocrx_word' id='word_1_7' title='bbox 748 607 857 674; x_wconf 85' lang='grc'><strong>5115155</strong></span> <span class='ocrx_word' id='word_1_8' title='bbox 879 609 1029 693; x_wconf 89' lang='lat' dir='ltr'>praedita</span> <span class='ocrx_word' id='word_1_9' title='bbox 1051 629 1178 687; x_wconf 84' lang='lat' dir='ltr'><strong>sensu,¹</strong></span> 
     </span>
     <span class='ocr_line' id='line_1_3' title="bbox 277 723 1234 807; baseline 0 -16"><span class='ocrx_word' id='word_1_10' title='bbox 277 745 325 794; x_wconf 79' lang='grc'><strong>155</strong></span> <span class='ocrx_word' id='word_1_11' title='bbox 352 723 613 807; x_wconf 84' lang='lat' dir='ltr'>quandoquidem</span> <span class='ocrx_word' id='word_1_12' title='bbox 635 728 798 806; x_wconf 88' lang='lat' dir='ltr'>nequeunt</span> <span class='ocrx_word' id='word_1_13' title='bbox 819 723 956 788; x_wconf 72' lang='lat' dir='ltr'>vitaliter</span> <span class='ocrx_word' id='word_1_14' title='bbox 978 743 1049 790; x_wconf 88' lang='lat' dir='ltr'>esse</span> <span class='ocrx_word' id='word_1_15' title='bbox 1072 725 1234 790; x_wconf 89' lang='lat' dir='ltr'>animata.</span> 
     </span>
     <span class='ocr_line' id='line_1_4' title="bbox 388 837 1195 922; baseline 0.001 -19"><span class='ocrx_word' id='word_1_16' title='bbox 388 839 472 903; x_wconf 89' lang='lat' dir='ltr'>Illud</span> <span class='ocrx_word' id='word_1_17' title='bbox 496 837 570 901; x_wconf 86' lang='lat' dir='ltr'>item</span> <span class='ocrx_word' id='word_1_18' title='bbox 594 858 658 902; x_wconf 90' lang='grc'><strong>555</strong></span> <span class='ocrx_word' id='word_1_19' title='bbox 680 845 729 904; x_wconf 84' lang='grc'><strong>551</strong></span> <span class='ocrx_word' id='word_1_20' title='bbox 751 843 785 902; x_wconf 90' lang='grc'><strong>51</strong></span> <span class='ocrx_word' id='word_1_21' title='bbox 806 838 912 922; x_wconf 89' lang='lat' dir='ltr'><strong>possis</strong></span> <span class='ocrx_word' id='word_1_22' title='bbox 933 839 1084 917; x_wconf 83' lang='lat' dir='ltr'>eredere,</span> <span class='ocrx_word' id='word_1_23' title='bbox 1100 840 1195 904; x_wconf 88' lang='lat' dir='ltr'>sedes</span> 
     </span>
     <span class='ocr_line' id='line_1_5' title="bbox 351 951 1161 1037; baseline -0.005 -17"><span class='ocrx_word' id='word_1_24' title='bbox 351 973 422 1020; x_wconf 88' lang='lat' dir='ltr'>esse</span> <span class='ocrx_word' id='word_1_25' title='bbox 442 953 537 1018; x_wconf 90' lang='lat' dir='ltr'>deum</span> <span class='ocrx_word' id='word_1_26' title='bbox 560 953 742 1020; x_wconf 87' lang='grc'><strong>555515515</strong></span> <span class='ocrx_word' id='word_1_27' title='bbox 765 951 874 1018; x_wconf 88' lang='grc'><strong>5555511</strong></span> <span class='ocrx_word' id='word_1_28' title='bbox 898 953 1045 1037; x_wconf 89' lang='lat' dir='ltr'>partibus</span> <span class='ocrx_word' id='word_1_29' title='bbox 1067 953 1161 1018; x_wconf 91' lang='lat' dir='ltr'>ullis.</span> 
     </span>
     <span class='ocr_line' id='line_1_6' title="bbox 348 1067 1140 1150; baseline 0.001 -18"><span class='ocrx_word' id='word_1_30' title='bbox 348 1069 451 1132; x_wconf 87' lang='lat' dir='ltr'>tenvis</span> <span class='ocrx_word' id='word_1_31' title='bbox 474 1069 557 1134; x_wconf 90' lang='lat' dir='ltr'>enim</span> <span class='ocrx_word' id='word_1_32' title='bbox 580 1073 696 1133; x_wconf 87' lang='lat' dir='ltr'>natura</span> <span class='ocrx_word' id='word_1_33' title='bbox 718 1067 812 1132; x_wconf 89' lang='lat' dir='ltr'>deum</span> <span class='ocrx_word' id='word_1_34' title='bbox 835 1067 994 1150; x_wconf 82' lang='lat' dir='ltr'>longeque</span> <span class='ocrx_word' id='word_1_35' title='bbox 1017 1073 1140 1134; x_wconf 86' lang='lat' dir='ltr'>remota</span> 
     </span>
     <span class='ocr_line' id='line_1_7' title="bbox 349 1180 1189 1262; baseline -0.004 -14"><span class='ocrx_word' id='word_1_36' title='bbox 349 1183 498 1262; x_wconf 82' lang='lat' dir='ltr'>sensibus</span> <span class='ocrx_word' id='word_1_37' title='bbox 520 1182 562 1247; x_wconf 92' lang='lat' dir='ltr'><strong>ab</strong></span> <span class='ocrx_word' id='word_1_38' title='bbox 585 1183 701 1248; x_wconf 88' lang='lat' dir='ltr'><strong>nostris</strong></span> <span class='ocrx_word' id='word_1_39' title='bbox 722 1183 819 1248; x_wconf 87' lang='grc'><strong>551551</strong></span> <span class='ocrx_word' id='word_1_40' title='bbox 842 1182 1023 1247; x_wconf 82' lang='grc'><strong>5155555515</strong></span> <span class='ocrx_word' id='word_1_41' title='bbox 1046 1180 1189 1258; x_wconf 61' lang='lat' dir='ltr'>videtum</span> 
     </span>
    </p>

    <p class='ocr_par' dir='ltr' id='par_1_3' title="bbox 278 1295 1325 1839">
     <span class='ocr_line' id='line_1_8' title="bbox 278 1295 1274 1380; baseline 0 -20"><span class='ocrx_word' id='word_1_42' title='bbox 278 1316 326 1362; x_wconf 91' lang='grc'><strong>555</strong></span> <span class='ocrx_word' id='word_1_43' title='bbox 352 1317 436 1379; x_wconf 88' lang='lat' dir='ltr'>quae</span> <span class='ocrx_word' id='word_1_44' title='bbox 459 1297 610 1379; x_wconf 87' lang='lat' dir='ltr'>quoniam</span> <span class='ocrx_word' id='word_1_45' title='bbox 630 1318 783 1362; x_wconf 86' lang='lat' dir='ltr'>manuum</span> <span class='ocrx_word' id='word_1_46' title='bbox 805 1302 925 1362; x_wconf 85' lang='lat' dir='ltr'>tautum</span> <span class='ocrx_word' id='word_1_47' title='bbox 947 1297 1077 1378; x_wconf 83' lang='lat' dir='ltr'>suffugit</span> <span class='ocrx_word' id='word_1_48' title='bbox 1099 1303 1131 1362; x_wconf 89' lang='lat' dir='ltr'>et</span> <span class='ocrx_word' id='word_1_49' title='bbox 1152 1295 1274 1380; x_wconf 82' lang='lat' dir='ltr'>ictum,</span> 
     </span>
     <span class='ocr_line' id='line_1_9' title="bbox 349 1411 1157 1496; baseline -0.001 -21"><span class='ocrx_word' id='word_1_50' title='bbox 349 1411 455 1476; x_wconf 90' lang='lat' dir='ltr'>tautile</span> <span class='ocrx_word' id='word_1_51' title='bbox 479 1412 522 1476; x_wconf 91' lang='lat' dir='ltr'><strong>nil</strong></span> <span class='ocrx_word' id='word_1_52' title='bbox 545 1413 639 1478; x_wconf 88' lang='grc'><strong>551515</strong></span> <span class='ocrx_word' id='word_1_53' title='bbox 662 1412 748 1494; x_wconf 90' lang='lat' dir='ltr'>quod</span> <span class='ocrx_word' id='word_1_54' title='bbox 770 1411 812 1478; x_wconf 90' lang='grc'><strong>511</strong></span> <span class='ocrx_word' id='word_1_55' title='bbox 834 1412 1018 1496; x_wconf 82' lang='lat' dir='ltr'>contingere</span> <span class='ocrx_word' id='word_1_56' title='bbox 1041 1411 1157 1476; x_wconf 89' lang='lat' dir='ltr'>debet:</span> 
     </span>
     <span class='ocr_line' id='line_1_10' title="bbox 349 1526 1325 1620; baseline 0.002 -30"><span class='ocrx_word' id='word_1_57' title='bbox 349 1531 483 1610; x_wconf 83' lang='lat' dir='ltr'>tangere</span> <span class='ocrx_word' id='word_1_58' title='bbox 505 1527 588 1590; x_wconf 87' lang='lat' dir='ltr'>enim</span> <span class='ocrx_word' id='word_1_59' title='bbox 611 1547 675 1594; x_wconf 89' lang='grc'><strong>555</strong></span> <span class='ocrx_word' id='word_1_60' title='bbox 698 1527 766 1608; x_wconf 90' lang='lat' dir='ltr'>quit</span> <span class='ocrx_word' id='word_1_61' title='bbox 788 1527 873 1608; x_wconf 91' lang='lat' dir='ltr'>quod</span> <span class='ocrx_word' id='word_1_62' title='bbox 896 1527 983 1612; x_wconf 86' lang='lat' dir='ltr'>tangi</span> <span class='ocrx_word' id='word_1_63' title='bbox 1006 1547 1070 1590; x_wconf 88' lang='grc'><strong>555</strong></span> <span class='ocrx_word' id='word_1_64' title='bbox 1092 1526 1168 1592; x_wconf 88' lang='grc'><strong>11551</strong></span> <span class='ocrx_word' id='word_1_65' title='bbox 1190 1527 1325 1620; x_wconf 83' lang='lat' dir='ltr'>ipsuur.</span> 
     </span>
     <span class='ocr_line' id='line_1_11' title="bbox 351 1639 1226 1724; baseline 0.005 -20"><span class='ocrx_word' id='word_1_66' title='bbox 351 1661 450 1724; x_wconf 89' lang='lat' dir='ltr'>quare</span> <span class='ocrx_word' id='word_1_67' title='bbox 473 1639 567 1704; x_wconf 87' lang='grc'><strong>511555</strong></span> <span class='ocrx_word' id='word_1_68' title='bbox 590 1641 684 1706; x_wconf 88' lang='lat' dir='ltr'>sedes</span> <span class='ocrx_word' id='word_1_69' title='bbox 708 1661 834 1723; x_wconf 90' lang='lat' dir='ltr'>quoque</span> <span class='ocrx_word' id='word_1_70' title='bbox 857 1641 976 1707; x_wconf 89' lang='lat' dir='ltr'><strong>nostris</strong></span> <span class='ocrx_word' id='word_1_71' title='bbox 999 1641 1129 1706; x_wconf 88' lang='lat' dir='ltr'>sedibus</span> <span class='ocrx_word' id='word_1_72' title='bbox 1152 1661 1226 1708; x_wconf 86' lang='lat' dir='ltr'>esse</span> 
     </span>
     <span class='ocr_line' id='line_1_12' title="bbox 351 1735 1182 1839; baseline -0.001 -20"><span class='ocrx_word' id='word_1_73' title='bbox 351 1755 523 1820; x_wconf 83' lang='lat' dir='ltr'>dissimiles</span> <span class='ocrx_word' id='word_1_74' title='bbox 545 1735 684 1838; x_wconf 82' lang='grc'><strong>11515551,</strong></span> <span class='ocrx_word' id='word_1_75' title='bbox 702 1761 828 1822; x_wconf 83' lang='grc'><strong>1555551</strong></span> <span class='ocrx_word' id='word_1_76' title='bbox 849 1756 877 1821; x_wconf 87' lang='grc'><strong>51</strong></span> <span class='ocrx_word' id='word_1_77' title='bbox 900 1756 1006 1839; x_wconf 87' lang='lat' dir='ltr'>eorpu&#39;</span> <span class='ocrx_word' id='word_1_78' title='bbox 1029 1754 1182 1834; x_wconf 86' lang='lat' dir='ltr'>deoruur;</span> 
     </span>
    </p>

    <p class='ocr_par' dir='ltr' id='par_1_4' title="bbox 277 1869 1213 2411">
     <span class='ocr_line' id='line_1_13' title="bbox 277 1869 1168 1968; baseline -0.002 -32"><span class='ocrx_word' id='word_1_79' title='bbox 277 1891 325 1938; x_wconf 86' lang='grc'><strong>555</strong></span> <span class='ocrx_word' id='word_1_80' title='bbox 351 1889 434 1952; x_wconf 91' lang='lat' dir='ltr'>quae</span> <span class='ocrx_word' id='word_1_81' title='bbox 457 1869 514 1934; x_wconf 88' lang='lat' dir='ltr'>tibi</span> <span class='ocrx_word' id='word_1_82' title='bbox 536 1871 696 1954; x_wconf 84' lang='lat' dir='ltr'>posterius</span> <span class='ocrx_word' id='word_1_83' title='bbox 718 1871 811 1954; x_wconf 85' lang='lat' dir='ltr'>largo</span> <span class='ocrx_word' id='word_1_84' title='bbox 834 1889 981 1936; x_wconf 88' lang='lat' dir='ltr'>sermone</span> <span class='ocrx_word' id='word_1_85' title='bbox 1001 1871 1168 1968; x_wconf 77' lang='lat' dir='ltr'><strong>probabo.</strong></span> 
     </span>
     <span class='ocr_line' id='line_1_14' title="bbox 350 1983 1180 2068; baseline 0.001 -19"><span class='ocrx_word' id='word_1_86' title='bbox 350 1983 456 2051; x_wconf 83' lang='lat' dir='ltr'>disere</span> <span class='ocrx_word' id='word_1_87' title='bbox 478 2004 572 2068; x_wconf 85' lang='lat' dir='ltr'>porro</span> <span class='ocrx_word' id='word_1_88' title='bbox 595 1983 757 2048; x_wconf 89' lang='lat' dir='ltr'>hominum</span> <span class='ocrx_word' id='word_1_89' title='bbox 780 2003 879 2050; x_wconf 85' lang='lat' dir='ltr'>eausa</span> <span class='ocrx_word' id='word_1_90' title='bbox 901 1983 1041 2050; x_wconf 89' lang='lat' dir='ltr'>voluisse</span> <span class='ocrx_word' id='word_1_91' title='bbox 1063 2003 1180 2068; x_wconf 85' lang='lat' dir='ltr'>parare</span> 
     </span>
     <span class='ocr_line' id='line_1_15' title="bbox 351 2099 1123 2184; baseline 0.001 -21"><span class='ocrx_word' id='word_1_92' title='bbox 351 2099 550 2184; x_wconf 82' lang='lat' dir='ltr'>praeclaram</span> <span class='ocrx_word' id='word_1_93' title='bbox 574 2099 683 2163; x_wconf 89' lang='lat' dir='ltr'>mundi</span> <span class='ocrx_word' id='word_1_94' title='bbox 706 2104 872 2182; x_wconf 85' lang='lat' dir='ltr'>naturam,</span> <span class='ocrx_word' id='word_1_95' title='bbox 888 2105 1123 2182; x_wconf 80' lang='lat' dir='ltr'>proptereaque</span> 
     </span>
     <span class='ocr_line' id='line_1_16' title="bbox 351 2211 1083 2296; baseline 0.003 -18"><span class='ocrx_word' id='word_1_96' title='bbox 351 2211 556 2278; x_wconf 79' lang='lat' dir='ltr'>adlaudabile</span> <span class='ocrx_word' id='word_1_97' title='bbox 579 2231 659 2296; x_wconf 92' lang='lat' dir='ltr'><strong>opus</strong></span> <span class='ocrx_word' id='word_1_98' title='bbox 681 2211 788 2278; x_wconf 89' lang='lat' dir='ltr'>divom</span> <span class='ocrx_word' id='word_1_99' title='bbox 810 2212 945 2278; x_wconf 86' lang='lat' dir='ltr'>laudare</span> <span class='ocrx_word' id='word_1_100' title='bbox 968 2214 1083 2280; x_wconf 86' lang='lat' dir='ltr'>dooere</span> 
     </span>
     <span class='ocr_line' id='line_1_17' title="bbox 352 2327 1213 2411; baseline 0 -19"><span class='ocrx_word' id='word_1_101' title='bbox 352 2333 579 2408; x_wconf 85' lang='lat' dir='ltr'>aeternumque</span> <span class='ocrx_word' id='word_1_102' title='bbox 601 2332 715 2411; x_wconf 88' lang='lat' dir='ltr'>putare</span> <span class='ocrx_word' id='word_1_103' title='bbox 736 2333 834 2408; x_wconf 88' lang='lat' dir='ltr'>atque</span> <span class='ocrx_word' id='word_1_104' title='bbox 856 2327 1026 2393; x_wconf 84' lang='lat' dir='ltr'>inmortale</span> <span class='ocrx_word' id='word_1_105' title='bbox 1049 2327 1213 2408; x_wconf 78' lang='grc'><strong>15155555,</strong></span> 
     </span>
    </p>

    <p class='ocr_par' dir='ltr' id='par_1_5' title="bbox 279 2440 1221 2860">
     <span class='ocr_line' id='line_1_18' title="bbox 279 2440 1176 2524; baseline -0.001 -17"><span class='ocrx_word' id='word_1_106' title='bbox 279 2462 327 2509; x_wconf 88' lang='grc'><strong>555</strong></span> <span class='ocrx_word' id='word_1_107' title='bbox 352 2440 486 2508; x_wconf 85' lang='grc'><strong>555155</strong></span> <span class='ocrx_word' id='word_1_108' title='bbox 509 2460 599 2519; x_wconf 89' lang='grc'><strong>5555,</strong></span> <span class='ocrx_word' id='word_1_109' title='bbox 616 2442 710 2506; x_wconf 88' lang='grc'><strong>(15555</strong></span> <span class='ocrx_word' id='word_1_110' title='bbox 734 2441 819 2524; x_wconf 91' lang='lat' dir='ltr'>quod</span> <span class='ocrx_word' id='word_1_111' title='bbox 842 2441 883 2506; x_wconf 91' lang='lat' dir='ltr'><strong>sit</strong></span> <span class='ocrx_word' id='word_1_112' title='bbox 905 2443 1029 2508; x_wconf 88' lang='lat' dir='ltr'>ratione</span> <span class='ocrx_word' id='word_1_113' title='bbox 1051 2449 1176 2508; x_wconf 89' lang='lat' dir='ltr'>vetusta</span> 
     </span>
     <span class='ocr_line' id='line_1_19' title="bbox 350 2553 1161 2641; baseline 0.001 -20"><span class='ocrx_word' id='word_1_114' title='bbox 350 2555 498 2640; x_wconf 85' lang='lat' dir='ltr'>gentibus</span> <span class='ocrx_word' id='word_1_115' title='bbox 522 2554 669 2620; x_wconf 85' lang='lat' dir='ltr'>humanis</span> <span class='ocrx_word' id='word_1_116' title='bbox 692 2553 859 2620; x_wconf 81' lang='lat' dir='ltr'>fundatum</span> <span class='ocrx_word' id='word_1_117' title='bbox 882 2565 1034 2641; x_wconf 90' lang='lat' dir='ltr'>perpetuo</span> <span class='ocrx_word' id='word_1_118' title='bbox 1058 2575 1161 2632; x_wconf 83' lang='lat' dir='ltr'>aevo,</span> 
     </span>
     <span class='ocr_line' id='line_1_20' title="bbox 351 2668 1164 2754; baseline -0.001 -18"><span class='ocrx_word' id='word_1_119' title='bbox 351 2669 525 2736; x_wconf 78' lang='lat' dir='ltr'>sollicitare</span> <span class='ocrx_word' id='word_1_120' title='bbox 548 2670 614 2735; x_wconf 90' lang='lat' dir='ltr'><strong>suis</strong></span> <span class='ocrx_word' id='word_1_121' title='bbox 638 2668 705 2734; x_wconf 90' lang='lat' dir='ltr'>ulla</span> <span class='ocrx_word' id='word_1_122' title='bbox 727 2668 758 2734; x_wconf 90' lang='lat' dir='ltr'><strong>vi</strong></span> <span class='ocrx_word' id='word_1_123' title='bbox 780 2689 820 2736; x_wconf 85' lang='lat' dir='ltr'>ex</span> <span class='ocrx_word' id='word_1_124' title='bbox 843 2671 973 2738; x_wconf 91' lang='lat' dir='ltr'>sedibus</span> <span class='ocrx_word' id='word_1_125' title='bbox 995 2689 1164 2754; x_wconf 86' lang='lat' dir='ltr'>umquam,</span> 
     </span>
     <span class='ocr_line' id='line_1_21' title="bbox 353 2784 1221 2860; baseline 0 -13"><span class='ocrx_word' id='word_1_126' title='bbox 353 2784 682 2850; x_wconf 77' lang='grc'><strong>5555551515555555</strong></span> <span class='ocrx_word' id='word_1_127' title='bbox 705 2784 799 2850; x_wconf 87' lang='grc'><strong>5151)</strong></span> <span class='ocrx_word' id='word_1_128' title='bbox 822 2785 885 2850; x_wconf 89' lang='grc'><strong>1555</strong></span> <span class='ocrx_word' id='word_1_129' title='bbox 909 2793 1053 2853; x_wconf 86' lang='lat' dir='ltr'>evertere</span> <span class='ocrx_word' id='word_1_130' title='bbox 1076 2803 1221 2860; x_wconf 81' lang='lat' dir='ltr'><strong>susurra,</strong></span> 
     </span>
    </p>

    <p class='ocr_par' dir='ltr' id='par_1_6' title="bbox 293 2896 1323 2986">
     <span class='ocr_line' id='line_1_22' title="bbox 293 2896 1323 2986; baseline -0.004 -18"><span class='ocrx_word' id='word_1_131' title='bbox 293 2965 294 2968; x_wconf 74' lang='grc'><strong>,</strong></span> <span class='ocrx_word' id='word_1_132' title='bbox 353 2906 458 2966; x_wconf 83' lang='lat' dir='ltr'>uetera</span> <span class='ocrx_word' id='word_1_133' title='bbox 481 2898 523 2964; x_wconf 92' lang='lat' dir='ltr'>de</span> <span class='ocrx_word' id='word_1_134' title='bbox 544 2917 662 2979; x_wconf 86' lang='lat' dir='ltr'>genere</span> <span class='ocrx_word' id='word_1_135' title='bbox 685 2896 747 2964; x_wconf 89' lang='grc'><strong>1555</strong></span> <span class='ocrx_word' id='word_1_136' title='bbox 768 2899 931 2981; x_wconf 81' lang='lat' dir='ltr'>adtingere</span> <span class='ocrx_word' id='word_1_137' title='bbox 954 2903 986 2964; x_wconf 91' lang='lat' dir='ltr'>et</span> <span class='ocrx_word' id='word_1_138' title='bbox 1007 2898 1145 2983; x_wconf 81' lang='lat' dir='ltr'>addere,</span> <span class='ocrx_word' id='word_1_139' title='bbox 1164 2901 1323 2986; x_wconf 88' lang='lat' dir='ltr'>Memmi,</span> 
     </span>
    </p>

    <p class='ocr_par' dir='ltr' id='par_1_7' title="bbox 279 3011 1240 3212">
     <span class='ocr_line' id='line_1_23' title="bbox 279 3011 1240 3140; baseline -0.001 -60"><span class='ocrx_word' id='word_1_140' title='bbox 279 3033 327 3081; x_wconf 87' lang='grc'><strong>555</strong></span> <span class='ocrx_word' id='word_1_141' title='bbox 353 3013 553 3098; x_wconf 90' lang='lat' dir='ltr'>desiperest.</span> <span class='ocrx_word' id='word_1_142' title='bbox 571 3011 647 3140; x_wconf 57' lang='lat' dir='ltr'>quid</span> <span class='ocrx_word' id='word_1_143' title='bbox 670 3013 754 3078; x_wconf 89' lang='lat' dir='ltr'>enirn</span> <span class='ocrx_word' id='word_1_144' title='bbox 776 3012 996 3078; x_wconf 75' lang='lat' dir='ltr'>inmortalibus</span> <span class='ocrx_word' id='word_1_145' title='bbox 1018 3020 1114 3095; x_wconf 87' lang='lat' dir='ltr'>atque</span> <span class='ocrx_word' id='word_1_146' title='bbox 1137 3014 1240 3080; x_wconf 85' lang='lat' dir='ltr'>beatis</span> 
     </span>
     <span class='ocr_line' id='line_1_24' title="bbox 351 3126 1121 3212; baseline -0.001 -19"><span class='ocrx_word' id='word_1_147' title='bbox 351 3129 455 3212; x_wconf 85' lang='lat' dir='ltr'>gratia</span> <span class='ocrx_word' id='word_1_148' title='bbox 479 3132 587 3192; x_wconf 89' lang='lat' dir='ltr'>nostra</span> <span class='ocrx_word' id='word_1_149' title='bbox 609 3133 707 3208; x_wconf 86' lang='lat' dir='ltr'>queat</span> <span class='ocrx_word' id='word_1_150' title='bbox 727 3126 873 3210; x_wconf 85' lang='lat' dir='ltr'>largirier</span> <span class='ocrx_word' id='word_1_151' title='bbox 896 3127 1121 3212; x_wconf 86' lang='lat' dir='ltr'>emolumenti,</span> 
     </span>
    </p>

    <p class='ocr_par' dir='ltr' id='par_1_8' title="bbox 351 3241 1251 3556">
     <span class='ocr_line' id='line_1_25' title="bbox 352 3241 1251 3325; baseline -0.002 -18"><span class='ocrx_word' id='word_1_152' title='bbox 352 3248 387 3307; x_wconf 90' lang='grc'><strong>51</strong></span> <span class='ocrx_word' id='word_1_153' title='bbox 408 3249 518 3308; x_wconf 83' lang='grc'><strong>555155</strong></span> <span class='ocrx_word' id='word_1_154' title='bbox 541 3241 711 3323; x_wconf 82' lang='lat' dir='ltr'>quiequam</span> <span class='ocrx_word' id='word_1_155' title='bbox 735 3260 832 3306; x_wconf 88' lang='lat' dir='ltr'>eausa</span> <span class='ocrx_word' id='word_1_156' title='bbox 854 3260 967 3325; x_wconf 83' lang='lat' dir='ltr'>gerere</span> <span class='ocrx_word' id='word_1_157' title='bbox 990 3241 1251 3325; x_wconf 75' lang='lat' dir='ltr'>adgrediamur?</span> 
     </span>
     <span class='ocr_line' id='line_1_26' title="bbox 353 3355 1142 3440; baseline 0.004 -20"><span class='ocrx_word' id='word_1_158' title='bbox 353 3357 469 3438; x_wconf 87' lang='lat' dir='ltr'>quidve</span> <span class='ocrx_word' id='word_1_159' title='bbox 492 3357 565 3420; x_wconf 89' lang='lat' dir='ltr'>novi</span> <span class='ocrx_word' id='word_1_160' title='bbox 587 3355 690 3440; x_wconf 93' lang='lat' dir='ltr'>potuit</span> <span class='ocrx_word' id='word_1_161' title='bbox 711 3361 801 3420; x_wconf 83' lang='lat' dir='ltr'>tanto</span> <span class='ocrx_word' id='word_1_162' title='bbox 824 3363 898 3440; x_wconf 90' lang='lat' dir='ltr'><strong>post</strong></span> <span class='ocrx_word' id='word_1_163' title='bbox 919 3365 993 3422; x_wconf 88' lang='lat' dir='ltr'>ante</span> <span class='ocrx_word' id='word_1_164' title='bbox 1017 3357 1142 3438; x_wconf 88' lang='lat' dir='ltr'>quietos</span> 
     </span>
     <span class='ocr_line' id='line_1_27' title="bbox 351 3470 1165 3556; baseline 0 -20"><span class='ocrx_word' id='word_1_165' title='bbox 351 3473 481 3538; x_wconf 82' lang='lat' dir='ltr'>inlicere</span> <span class='ocrx_word' id='word_1_166' title='bbox 503 3477 537 3534; x_wconf 90' lang='grc'><strong>51</strong></span> <span class='ocrx_word' id='word_1_167' title='bbox 559 3477 711 3554; x_wconf 80' lang='lat' dir='ltr'>cuperent</span> <span class='ocrx_word' id='word_1_168' title='bbox 733 3470 831 3534; x_wconf 79' lang='lat' dir='ltr'>vitani</span> <span class='ocrx_word' id='word_1_169' title='bbox 853 3475 977 3536; x_wconf 88' lang='lat' dir='ltr'>mutare</span> <span class='ocrx_word' id='word_1_170' title='bbox 999 3472 1165 3556; x_wconf 81' lang='lat' dir='ltr'>priorem?</span> 
     </span>
    </p>

    <p class='ocr_par' dir='ltr' id='par_1_9' title="bbox 279 3583 1211 3783">
     <span class='ocr_line' id='line_1_28' title="bbox 279 3583 1211 3671; baseline -0.006 -17"><span class='ocrx_word' id='word_1_171' title='bbox 279 3608 327 3654; x_wconf 84' lang='grc'><strong>555</strong></span> <span class='ocrx_word' id='word_1_172' title='bbox 353 3593 404 3671; x_wconf 85' lang='grc'><strong>51,</strong></span> <span class='ocrx_word' id='word_1_173' title='bbox 422 3585 538 3668; x_wconf 88' lang='lat' dir='ltr'>oredo,</span> <span class='ocrx_word' id='word_1_174' title='bbox 554 3583 587 3648; x_wconf 87' lang='grc'><strong>155</strong></span> <span class='ocrx_word' id='word_1_175' title='bbox 610 3585 751 3650; x_wconf 88' lang='lat' dir='ltr'>tenebris</span> <span class='ocrx_word' id='word_1_176' title='bbox 773 3585 839 3649; x_wconf 88' lang='lat' dir='ltr'>vita</span> <span class='ocrx_word' id='word_1_177' title='bbox 860 3605 898 3650; x_wconf 87' lang='lat' dir='ltr'><strong>ao</strong></span> <span class='ocrx_word' id='word_1_178' title='bbox 920 3605 1044 3652; x_wconf 87' lang='lat' dir='ltr'>merore</span> <span class='ocrx_word' id='word_1_179' title='bbox 1065 3585 1211 3660; x_wconf 78' lang='lat' dir='ltr'>iacebat,</span> 
     </span>
     <span class='ocr_line' id='line_1_29' title="bbox 353 3697 1023 3783; baseline -0.003 -19"><span class='ocrx_word' id='word_1_180' title='bbox 353 3700 457 3766; x_wconf 83' lang='lat' dir='ltr'>donee</span> <span class='ocrx_word' id='word_1_181' title='bbox 479 3697 593 3762; x_wconf 82' lang='lat' dir='ltr'>diluxit</span> <span class='ocrx_word' id='word_1_182' title='bbox 614 3717 718 3764; x_wconf 86' lang='lat' dir='ltr'>rerum</span> <span class='ocrx_word' id='word_1_183' title='bbox 740 3699 890 3780; x_wconf 84' lang='lat' dir='ltr'>genitalis</span> <span class='ocrx_word' id='word_1_184' title='bbox 914 3699 1023 3783; x_wconf 85' lang='lat' dir='ltr'>origo.</span> 
     </span>
    </p>

    <p class='ocr_par' dir='ltr' id='par_1_10' title="bbox 280 3811 1114 3897">
     <span class='ocr_line' id='line_1_30' title="bbox 280 3811 1114 3897; baseline -0.006 -16"><span class='ocrx_word' id='word_1_185' title='bbox 280 3834 329 3881; x_wconf 88' lang='grc'><strong>555</strong></span> <span class='ocrx_word' id='word_1_186' title='bbox 354 3835 428 3880; x_wconf 86' lang='lat' dir='ltr'><strong>uam</strong></span> <span class='ocrx_word' id='word_1_187' title='bbox 450 3811 592 3897; x_wconf 84' lang='lat' dir='ltr'>gaudere</span> <span class='ocrx_word' id='word_1_188' title='bbox 615 3811 705 3878; x_wconf 86' lang='lat' dir='ltr'>novis</span> <span class='ocrx_word' id='word_1_189' title='bbox 729 3813 824 3880; x_wconf 84' lang='lat' dir='ltr'>rebus</span> <span class='ocrx_word' id='word_1_190' title='bbox 846 3811 965 3879; x_wconf 87' lang='lat' dir='ltr'>debere</span> <span class='ocrx_word' id='word_1_191' title='bbox 989 3811 1114 3878; x_wconf 87' lang='lat' dir='ltr'>videtur·</span> 
     </span>
    </p>

    <p class='ocr_par' dir='ltr' id='par_1_11' title="bbox 353 3926 1328 4128">
     <span class='ocr_line' id='line_1_31' title="bbox 353 3926 1169 4008; baseline -0.006 -13"><span class='ocrx_word' id='word_1_192' title='bbox 353 3930 402 3996; x_wconf 91' lang='grc'><strong>551</strong></span> <span class='ocrx_word' id='word_1_193' title='bbox 422 3935 547 3994; x_wconf 89' lang='lat' dir='ltr'>veteres</span> <span class='ocrx_word' id='word_1_194' title='bbox 570 3928 703 3994; x_wconf 91' lang='lat' dir='ltr'>obsunt:</span> <span class='ocrx_word' id='word_1_195' title='bbox 720 3927 778 3994; x_wconf 91' lang='lat' dir='ltr'><strong>sed</strong></span> <span class='ocrx_word' id='word_1_196' title='bbox 801 3927 852 3994; x_wconf 89' lang='grc'><strong>551</strong></span> <span class='ocrx_word' id='word_1_197' title='bbox 874 3928 919 3992; x_wconf 88' lang='grc'><strong>511</strong></span> <span class='ocrx_word' id='word_1_198' title='bbox 942 3927 1057 3992; x_wconf 80' lang='grc'><strong>55515111</strong></span> <span class='ocrx_word' id='word_1_199' title='bbox 1079 3926 1169 4008; x_wconf 88' lang='lat' dir='ltr'>aegri</span> 
     </span>
     <span class='ocr_line' id='line_1_32' title="bbox 353 4040 1328 4128; baseline -0.004 -20"><span class='ocrx_word' id='word_1_200' title='bbox 353 4049 495 4128; x_wconf 86' lang='lat' dir='ltr'>tempore</span> <span class='ocrx_word' id='word_1_201' title='bbox 518 4043 551 4107; x_wconf 90' lang='lat' dir='ltr'><strong>in</strong></span> <span class='ocrx_word' id='word_1_202' title='bbox 574 4047 648 4108; x_wconf 88' lang='lat' dir='ltr'>ante</span> <span class='ocrx_word' id='word_1_203' title='bbox 671 4047 763 4120; x_wconf 88' lang='grc'><strong>5515,</strong></span> <span class='ocrx_word' id='word_1_204' title='bbox 781 4061 853 4107; x_wconf 88' lang='lat' dir='ltr'><strong>oum</strong></span> <span class='ocrx_word' id='word_1_205' title='bbox 875 4040 1008 4128; x_wconf 78' lang='lat' dir='ltr'>pulchre</span> <span class='ocrx_word' id='word_1_206' title='bbox 1030 4041 1164 4123; x_wconf 84' lang='lat' dir='ltr'>degeret</span> <span class='ocrx_word' id='word_1_207' title='bbox 1186 4059 1328 4126; x_wconf 81' lang='lat' dir='ltr'>aevom,</span> 
     </span>
    </p>
   </div>
   <div class='ocr_carea' id='block_1_3' title="bbox 353 4153 1195 4243">
    <p class='ocr_par' dir='ltr' id='par_1_12' title="bbox 353 4153 1195 4243">
     <span class='ocr_line' id='line_1_33' title="bbox 353 4153 1195 4243; baseline -0.005 -21"><span class='ocrx_word' id='word_1_208' title='bbox 353 4157 431 4240; x_wconf 93' lang='lat' dir='ltr'>quid</span> <span class='ocrx_word' id='word_1_209' title='bbox 452 4159 553 4243; x_wconf 87' lang='lat' dir='ltr'>potuit</span> <span class='ocrx_word' id='word_1_210' title='bbox 574 4155 727 4222; x_wconf 87' lang='lat' dir='ltr'>novitatis</span> <span class='ocrx_word' id='word_1_211' title='bbox 746 4177 888 4222; x_wconf 85' lang='lat' dir='ltr'>amorem</span> <span class='ocrx_word' id='word_1_212' title='bbox 911 4155 1089 4222; x_wconf 87' lang='lat' dir='ltr'>aooendere</span> <span class='ocrx_word' id='word_1_213' title='bbox 1110 4153 1195 4218; x_wconf 81' lang='lat' dir='ltr'>tali?</span> 
     </span>
    </p>
   </div>
   <div class='ocr_carea' id='block_1_4' title="bbox 351 4316 552 4324">
    <p class='ocr_par' dir='ltr' id='par_1_13' title="bbox 351 4316 552 4324">
     <span class='ocr_line' id='line_1_34' title="bbox 351 4316 552 4324; baseline -0.005 0"><span class='ocrx_word' id='word_1_214' title='bbox 351 4316 552 4324; x_wconf 72' lang='lat'><em>————-—-</em></span> 
     </span>
    </p>
   </div>
   <div class='ocr_carea' id='block_1_5' title="bbox 356 4400 1210 4475">
    <p class='ocr_par' dir='ltr' id='par_1_14' title="bbox 356 4400 1210 4475">
     <span class='ocr_line' id='line_1_35' title="bbox 356 4400 1210 4475; baseline -0.005 -17"><span class='ocrx_word' id='word_1_215' title='bbox 356 4411 404 4458; x_wconf 79' lang='lat' dir='ltr'><strong>loa</strong></span> <span class='ocrx_word' id='word_1_216' title='bbox 425 4409 532 4472; x_wconf 87' lang='lat' dir='ltr'>quodsi</span> <span class='ocrx_word' id='word_1_217' title='bbox 553 4407 565 4475; x_wconf 75' lang='grc' dir='ltr'>Η</span> <span class='ocrx_word' id='word_1_218' title='bbox 591 4409 639 4456; x_wconf 74' lang='lat' dir='ltr'><strong>rot</strong></span> <span class='ocrx_word' id='word_1_219' title='bbox 660 4417 745 4456; x_wconf 84' lang='grc'><strong>555555</strong></span> <span class='ocrx_word' id='word_1_220' title='bbox 763 4405 794 4454; x_wconf 85' lang='lat' dir='ltr'><strong>do</strong></span> <span class='ocrx_word' id='word_1_221' title='bbox 813 4419 918 4470; x_wconf 81' lang='lat' dir='ltr'>corpore</span> <span class='ocrx_word' id='word_1_222' title='bbox 936 4419 1040 4455; x_wconf 87' lang='grc'><strong>5555555.</strong></span> <span class='ocrx_word' id='word_1_223' title='bbox 1062 4400 1075 4470; x_wconf 81' lang='grc' dir='ltr'>Η</span> <span class='ocrx_word' id='word_1_224' title='bbox 1099 4405 1210 4454; x_wconf 73' lang='grc'><strong>1155155</strong></span> 
     </span>
    </p>
   </div>
   <div class='ocr_carea' id='block_1_6' title="bbox 0 0 1523 5146">
    <p class='ocr_par' dir='ltr' id='par_1_15' title="bbox 0 0 1523 5146">
     <span class='ocr_line' id='line_1_36' title="bbox 0 0 1523 5146; baseline 0 0"><span class='ocrx_word' id='word_1_225' title='bbox 0 0 1523 5146; x_wconf 95' lang='lat' dir='ltr'><strong> </strong></span> 
     </span>
    </p>
   </div>
  </div>
 </body>
</html>
