3036 5150
309 387 370 454 124
842 387 873 451 ll

391 557 464 626 845.
492 580 535 622 nr
564 579 657 622 suco
683 579 726 622 nr
749 578 821 623 uns
845 578 1064 623 rannerus.
1086 559 1242 624 Antonius
1264 559 1352 625 Marii
1374 565 1402 626 et

305 661 458 728 Marullus
480 683 616 726 rnruss
635 710 643 726 .
659 659 745 725 infra
766 659 848 726 libro
870 681 913 741 ιν,
930 661 993 727 876
1016 661 1124 727 r‘elarra
1147 661 1216 727 sive
1238 663 1363 728 telaaa.

389 763 462 830 846.
487 785 609 829 unnuu
631 783 822 828 enoreruu
844 783 890 825 on
913 783 1085 828 corrone
1108 765 1402 830 ononnu.llarul·

305 867 355 931 lus
378 886 566 931 rnornro.

390 968 462 1034 848.
485 989 628 1032 necron
643 989 706 1039 aur
722 987 879 1033 unnnsus
894 990 1037 1035 nster.
1049 968 1144 1054 Apud
1157 969 1287 1036 Festum
1297 989 1327 1054 p.
1337 969 1403 1050 165,

305 1071 325 1136 9
348 1070 553 1156 qaiflore'bae
574 1071 681 1136 balet.

390 1172 462 1240 850.
493 1171 601 1251 Quor>
627 1193 737 1236 monn
765 1193 811 1237 no
837 1193 965 1238 rosere
991 1195 1207 1239 narnnrnn.
1236 1174 1405 1240 Lambinus
1510 1159 1511 1164 ἵ

305 1275 439 1354 Quone
462 1275 532 1340 lieet
553 1299 591 1340 oe
612 1295 721 1339 roris
743 1296 783 1338 ns
806 1275 1161 1361 reperire.Ludovious
1176 1276 1312 1343 Carrion
1333 1277 1405 1342 mibi

304 1376 431 1444 videtur
457 1375 662 1442 msndaoium
688 1378 817 1461 dioere,
845 1395 917 1442 eum
948 1379 1059 1444 scribit
1091 1379 1123 1443 in
1151 1378 1405 1444 emendationum

305 1479 387 1546 libro
409 1501 442 1564 ιι,
462 1480 499 1544 11
528 1478 638 1564 ‘plane
662 1498 701 1546 ao
723 1479 866 1546 disertim
893 1479 925 1544 in
948 1480 1031 1546 libro
1055 1481 1272 1566 manusoripto
1295 1481 1406 1564 legitor

305 1581 395 1650 Oood
419 1583 489 1648 lieet
519 1605 557 1646 aa
580 1582 666 1668 potia
692 1595 737 1646 est
763 1583 887 1668 reperr'r
912 1583 1059 1648 inolentis
1087 1583 1187 1666 olivi;
1215 1590 1253 1648 ul
1282 1582 1406 1648 dubium
1510 1595 1511 1680 l

304 1703 370 1748 non
392 1683 436 1750 sit
456 1683 533 1766 quin
553 1683 637 1770 perir
660 1697 704 1748 eet
726 1685 865 1769 reperere·
884 1683 980 1750 scribi
1003 1683 1120 1750 debeat
1132 1684 1149 1748 .’

389 1786 461 1852 853.
475 1785 776 1856 Concocrosoun
792 1806 860 1850 suo
873 1807 1115 1850 cournscrss
1128 1809 1302 1853 ennoean
1315 1811 1405 1853 v1no.

304 1888 400 1973 Apud
417 1887 615 1953 Priscianum
630 1907 660 1971 p.
675 1885 738 1952 722
761 1887 1002 1974 Ooatrootosqae
1016 1913 1073 1954 sao
1088 1903 1267 1957 contractas
1278 1893 1407 1980 perdere

303 1989 448 2056 riro.ibi
464 1988 615 2056 Krehlius
630 1989 664 2053 in
687 1987 877 2072 quibusdam
900 1991 1137 2076 exemplaribus
1160 2011 1232 2059 esse
1257 1994 1335 2060 dioit
1354 2019 1406 2060 eoo

303 2105 498 2158 eorrreetaae
517 2093 586 2158 sive
612 2111 900 2155 corrasersus.
920 2089 981 2157 hoo
1000 2111 1070 2158 oum
1086 2101 1198 2179 aperte
1213 2115 1328 2162 rerum
1349 2097 1405 2176 sit,
1510 2089 1511 2114 ¹

304 2191 479 2277 Forbigero
503 2191 612 2260 sordet
632 2211 712 2279 prae
730 2192 906 2258 mrtioitate
922 2193 1096 2278 Italorum,
1112 2196 1166 2280 qui
1182 2196 1329 2264 fecerunt
1342 2222 1405 2264 eoe-

305 2309 401 2361 taetos
424 2348 431 2364 .
455 2297 542 2381 apud
565 2295 706 2362 Nouium
727 2295 848 2380 p.188,
867 2297 904 2360 11
930 2295 1158 2384 Ooaeoetasqae
1184 2323 1261 2365 eaor
1286 2325 1407 2366 servare

304 2409 332 2462 et
350 2397 484 2484 perdere
505 2400 574 2464 viro
585 2423 596 2482 ,·
617 2396 703 2482 quod
726 2395 812 2463 idem
832 2397 988 2481 Forbiger
1010 2404 1096 2466 reete
1118 2400 1165 2466 ita
1186 2401 1406 2488 aooipiendom

303 2517 376 2564 essa
397 2497 537 2585 iudicat,
561 2507 596 2566 ul
610 2501 652 2566 eit
665 2524 722 2566 oreo
736 2525 889 2587 superare
911 2513 940 2567 et
957 2501 1092 2588 perdere
1114 2503 1207 2570 viro:
1227 2503 1404 2586 sedidem,

304 2620 376 2666 oum
390 2627 542 2689 seperare
558 2601 733 2668 ‘notissimo
750 2602 939 2687 compendio
954 2603 1108 2688 seriptum
1123 2603 1220 2671 faeilo
1234 2606 1270 2672 in
1286 2631 1406 2673 servare

304 2704 442 2770 transire
457 2705 615 2791 potuisse'
640 2703 736 2789 dioit,
758 2703 821 2770 sibi
844 2703 995 2771 videlieet
1015 2706 1050 2772 id
1069 2705 1156 2789 quod
1179 2727 1355 2793 numquam
1376 2711 1404 2772 in

302 2827 406 2874 rerum
428 2814 545 2872 natura
567 2806 627 2872 fuit
649 2805 851 2872 notissimum
874 2826 946 2874 esse
968 2805 1133 2893 profitetur
1153 2858 1161 2873 .
1181 2811 1251 2876 viro
1283 2819 1405 2896 praeter

302 2909 485 2977 Lucretium
508 2909 651 2975 ablativo
674 2927 753 2975 oasu
778 2907 899 2976 dixisse
922 2908 1050 2976 videtur
1071 2909 1245 2995 Septimius
1270 2913 1405 2980 Serenus

301 3016 336 3080 in
359 3012 541 3100 opuseulis,
564 3031 660 3078 versu
686 3010 848 3096 iambico,
878 3013 953 3078 Nor
974 3012 1090 3098 dieras
1112 3015 1147 3078 r'rr
1169 3037 1261 3100 qoem
1285 3016 1406 3082 debeam

302 3132 444 3184 aeteram
470 3115 589 3181 ealerde
615 3115 684 3179 viro
709 3114 859 3200 Iaperere
879 3163 887 3180 .
907 3113 995 3200 apud
1023 3112 1218 3190 scholiaston
1244 3117 1404 3184 luvenalis

301 3227 362 3289 sat.
388 3217 472 3304 1v‚2
498 3216 652 3301 seriptum
680 3221 729 3282 est
755 3215 890 3282 Serenae
916 3217 969 3282 lib.
992 3237 1015 3280 ιι
1044 3224 1076 3282 et
1102 3217 1221 3284 colerae
1252 3221 1291 3286 ai
1318 3219 1403 3286 odir-

299 3347 429 3412 perere.

386 3423 458 3490 854.
486 3423 665 3487 Proerna
686 3439 837 3484 neuneu
858 3441 1002 3485 nunnur
1024 3441 1235 3486 esruoanrs
1257 3445 1402 3488 senon.

300 3531 352 3596 lta
367 3526 545 3608 oblongus:
569 3521 746 3608 quadratus
762 3522 935 3611 Propterea
947 3524 1099 3592 eandem.
1116 3523 1190 3590 Itali
1205 3531 1239 3592 et
1254 3527 1402 3592 Marullus

301 3633 475 3717 Propterea
490 3625 636 3707 madan,
652 3623 830 3692 Lambinus
841 3625 1016 3714 Propterea
1028 3625 1151 3692 demum
1162 3677 1171 3710 ,
1184 3647 1294 3696 erroro
1307 3629 1402 3714 turpi:

301 3731 462 3800 debebant
484 3729 567 3794 enim
589 3725 700 3793 videre
724 3726 805 3793 haee
827 3728 1083 3813 asuperioribus
1105 3735 1184 3814 apta
1206 3749 1298 3816 esse,
1321 3732 1403 3798 Sirra

301 3857 452 3922 qaaerere
471 3855 535 3918 por
557 3843 601 3896 eet
626 3829 773 3895 inolentis
802 3830 882 3896 olr'vr'
899 3832 1079 3909 Naturam,
1102 3831 1205 3910 Quam
1226 3835 1352 3898 me'ar'rne
1372 3843 1402 3896 ut

297 3936 398 4023 poosr't
419 3931 529 3999 odores
551 3955 607 3997 sao
629 3945 827 3998 contractare
844 3933 979 4020 perdere
1001 3934 1093 4017 viro,
1121 3933 1257 4020 Propter
1279 3933 1402 4000 eaodem

301 4059 373 4102 nau
395 4035 503 4103 deberet
517 4031 702 4122 primordia
727 4058 834 4100 reram
856 4035 929 4101 Noa
951 4034 1100 4102 adbibere
1121 4059 1213 4102 auara
1232 4033 1401 4126 prpaoadr'r

234 4123 246 4151 ⁹
300 4139 393 4207 rebar
414 4137 560 4205 odorem.

385 4239 458 4306 860.
481 4237 660 4322 Monere,
683 4259 823 4323 naurs,
846 4259 1018 4304 rasoosn
1040 4261 1174 4326 rurar,
1197 4261 1294 4306 aava
1317 4261 1400 4303 cou-

300 4363 397 4408 roan
424 4360 549 4405 resno.
579 4340 748 4408 Turnebus
778 4341 811 4406 in
838 4341 1034 4410 adversariis
1061 4364 1099 4428 x,
1128 4344 1148 4408 8
1175 4343 1296 4408 Monnr
1322 4342 1400 4407 lento

300 4469 448 4532 corpore.

385 4546 457 4614 867.
481 4544 691 4611 Purucrrrrs
707 4567 1101 4618 cousrsnsan.ueaun
1122 4568 1160 4612 ro
1182 4563 1397 4612 usuurnsru
