3186 5146
691 403 751 472 Vl·
1202 402 1265 468 425

246 581 340 647 1270.
368 599 498 642 ruanis
526 599 642 642 surnn
669 599 821 641 ossraus
850 598 921 641 uua
946 577 1151 641 Vrcnnrnus
1178 595 1265 638 ran·

160 689 240 748 rar's
263 703 383 747 raorn
406 704 471 746 ram
495 703 693 753 sonuaoun
716 701 901 746 snrunrs.
931 680 1113 744 Visceribus
1128 678 1266 762 quadra

93 869 96 876 .
158 796 230 872 tus,
261 793 421 852 corrector
443 785 574 868 oblongi
606 785 801 850 Visceribus.-
827 783 1042 849 chaarnus
1070 783 1264 848 Lambinus.

159 889 244 956 idem
267 890 474 960 sennicun.
506 887 564 952 sed
588 887 735 972 depelle
758 886 908 952 sordibus
932 909 1031 972 prope
1054 888 1118 951 ebra
1141 887 1267 971 sepulta

158 1012 265 1076 nugae
280 998 368 1074 sunt,
386 990 480 1074 quasi
497 989 736 1056 consuetudinis
752 989 793 1054 sit
805 996 999 1055 mortuorum
1012 989 1113 1074 pelles
1126 987 1264 1053 humari.

159 1114 258 1178 quare
281 1093 456 1179 prudenter
471 1091 626 1158 Marullus
648 1091 779 1178 scripsit
800 1093 954 1177 sepultis5
975 1092 1039 1156 nisi
1061 1091 1148 1176 quod
1165 1092 1266 1156 oratio

158 1197 283 1281 aptiore
305 1196 432 1262 vinculo
456 1195 625 1279 iungetur,
649 1194 677 1258 si
701 1194 875 1260 scribemus
898 1215 1122 1282 rnnr1soper
1145 1195 1267 1259 ossibus

158 1323 244 1364 aaa:
272 1317 346 1364 nam
372 1299 405 1362 in
432 1295 493 1362 hac
515 1296 648 1362 ablativi
676 1295 780 1361 forma
801 1295 891 1362 nulla
913 1296 1048 1362 offensio
1071 1301 1141 1380 est,
1163 1315 1267 1379 neque

159 1389 271 1467 dubito
294 1401 372 1486 quin
395 1400 427 1464 in
444 1399 510 1466 Ciri
525 1399 588 1465 505
603 1404 689 1465 recte
704 1399 850 1485 plerique
866 1399 1051 1484 scripserint
1067 1399 1171 1465 Crura
1186 1423 1266 1463 noca

159 1506 274 1570 mccr’ee
289 1503 420 1569 obduxit
436 1501 587 1588 squalido
598 1503 693 1588 pelli.
708 1501 811 1584 nihilo
827 1501 932 1567 minus
948 1503 998 1566 hie
1009 1521 1137 1587 versae,
1152 1501 1265 1587 Corpo-

158 1609 205 1672 νίν
227 1607 363 1690 r'alocc'e,
382 1605 466 1692 pelli
482 1628 576 1689 super
592 1605 712 1669 casibus
727 1629 814 1688 oco,
831 1604 926 1670 valde
942 1605 1095 1670 molestus
1112 1610 1179 1686 est,
1196 1623 1266 1670 eum

159 1708 254 1775 modo
276 1706 513 1794 praecesserint
535 1707 704 1770 sementino
727 1731 797 1772 cum
819 1731 948 1793 corpore
969 1707 1105 1772 membro
1120 1705 1267 1770 Horrida

156 1811 308 1899 paedore.
323 1811 432 1894 itaque
447 1809 532 1873 hunc
547 1826 673 1873 versum
688 1808 868 1874 aLucretio
884 1829 948 1874 non
963 1828 1001 1874 eo
1018 1809 1152 1879 consilio
1169 1810 1266 1895 serip-

158 1921 224 1978 tum
241 1933 312 1978 esse
329 1912 491 1993 existimo,
515 1917 549 1974 ut
572 1911 685 1976 ceteris
708 1911 753 1976 ita
775 1919 809 1976 ut
825 1931 909 1976 nunc
925 1911 1072 1994 leguntur
1088 1914 1266 1978 constitutis

132 2031 138 2040 ·
158 2021 357 2082 servaretur.
376 2014 523 2080 similiter
538 2013 680 2078 iudicavi
695 2033 794 2098 supra
805 2013 847 2079 de
858 2015 897 2079 iis
909 2033 994 2097 quae
1006 2021 1079 2080 sunt
1093 2015 1125 2080 in
1140 2037 1174 2102 11,
1187 2015 1264 2100 522,

158 2119 199 2184 de
221 2139 316 2184 versu
339 2117 411 2184 libri
435 2139 470 2179 111
489 2116 590 2200 1031,
614 2115 654 2181 dc
680 2115 763 2180 1230
782 2123 814 2181 et
831 2115 913 2182 1328
929 2117 1052 2201 quinti,
1070 2118 1209 2201 itemque
1225 2117 1266 2184 dc

158 2221 250 2287 huius
272 2221 346 2286 libri
362 2220 403 2286 85
427 2239 496 2284 cum
520 2218 695 2303 proximis.
713 2217 762 2283 bis
778 2220 926 2285 convenit
941 2226 1031 2306 uota,
1048 2220 1089 2285 de
1105 2241 1170 2306 qua
1185 2219 1266 2290 baec

158 2325 278 2408 scripta
300 2329 411 2389 extant
433 2323 466 2387 in
489 2319 598 2387 libello
622 2321 663 2386 de
686 2321 769 2386 notis
789 2319 979 2388 Probianis.
1003 2325 1174 2410 arra'sr‘pma
1196 2348 1266 2390 eam

132 2447 134 2453 ’
154 2441 273 2513 puncto
294 2426 470 2512 ponebatur
492 2447 561 2488 com
584 2423 722 2489 eiusdem
744 2447 854 2489 scacos
876 2450 984 2492 cersrm
1006 2425 1148 2512 duplices
1168 2440 1267 2493 essent

158 2545 186 2596 et
208 2528 405 2594 dubitaretur
428 2528 487 2612 qui
501 2529 608 2612 potc'us
631 2526 774 2612 dependi.
798 2527 844 2592 sic
866 2541 895 2592 et
915 2527 1008 2614 opud·
1024 2543 1165 2595 costros.
1208 2561 1210 2567 .

245 2630 336 2697 1272.
371 2649 542 2692 natusne
574 2649 785 2694 nnnunnsr.
821 2629 990 2697 Corrector
1027 2630 1158 2714 oblongi
1196 2652 1266 2694 nn-

156 2755 321 2798 raanan.

246 2835 337 2902 1273.
372 2854 619 2904 onnarrsoun
652 2856 783 2898 rassin
816 2836 967 2903 Cuneus
1001 2856 1265 2900 caosvnarnus

158 2937 377 3004 cannasruu
400 2957 547 2999 rnnrnn
570 2957 763 3003 mrusnrr.
788 2937 971 3016 Quadratus
986 2941 1141 3005 monebit.
1157 2941 1191 3004 in
1205 2940 1266 3004 hoe

157 3040 314 3108 vocabulo
338 3058 378 3104 ea
399 3038 519 3104 scheda
541 3039 662 3106 codicis
681 3039 847 3125 archetypi
863 3041 1031 3107 desinebat
1045 3061 1110 3124 qua
1124 3042 1266 3126 paginae

156 3143 230 3210 libri
246 3144 327 3209 sexti
343 3163 443 3204 xnvm
459 3147 490 3206 et
501 3163 575 3205 ιιιιιι
591 3141 852 3227 continebantur,
866 3163 970 3228 eaque
985 3150 1055 3210 erat
1069 3145 1266 3236 paenultima

156 3245 302 3328 codicis3
326 3265 390 3330 quo
413 3244 518 3308 minus
541 3245 656 3310 mirum
680 3250 748 3330 est,
772 3247 867 3331 siqua
888 3246 1028 3313 litterula
1052 3246 1104 3312 hic
1124 3247 1265 3313 librariis

156 3349 274 3414 nostris
297 3366 362 3412 non
385 3345 464 3412 satis
486 3347 576 3412 clara
598 3344 676 3415 luit.
701 3348 766 3414 iam
789 3356 889 3415 totum
911 3350 1089 3416 sentcntiae
1112 3350 1265 3415 ambitum

157 3449 339 3516 considera.
356 3447 466 3514 onmia
477 3447 611 3514 delubra
622 3473 706 3516 mors
718 3451 905 3536 corporibus
916 3453 1091 3539 repleverat
1103 3458 1134 3518 et
1145 3453 1266 3536 templa

157 3552 288 3618 deorum
311 3556 425 3616 cuneta
448 3549 662 3618 cadaveribus
685 3560 823 3635 gravata
845 3557 989 3642 tenebam
1011 3575 1095 3640 quae
1117 3557 1190 3622 loca
1212 3575 1265 3622 ac-

156 3656 236 3721 ditui
268 3652 447 3740 hospitibus
478 3655 670 3740 complerant
691 3655 775 3721 viris
803 3662 834 3722 et
856 3657 992 3724 salutem
1014 3658 1263 3743 quaerentibus.

156 3757 364 3844 Thucydides
393 3750 436 3821 roi
464 3780 501 3822 cs
524 3751 597 3844 ἱερὰ
620 3751 654 3823 ἓν
677 3746 729 3836 οἷς
750 3751 926 3847 ἓσκήνηντο
950 3763 1072 3848 νεκρῶν
1094 3758 1182 3828 πλέα
1203 3752 1263 3849 ἢν,

156 3855 261 3927 αὐτοῦ
285 3855 627 3946 ἐναποθνησκόντων.
650 3863 742 3944 posui
765 3861 798 3926 id
822 3865 952 3930 verbum
967 3863 1063 3948 ‘quod
1086 3865 1264 3930 orationem
1341 3851 1344 3859 ‘

155 3971 224 4029 arte
248 3971 279 4028 et
301 3964 468 4046 eleganter
491 3968 691 4048 conecterct‚
715 3963 777 4030 hoc
800 3972 848 4031 est
870 3987 1055 4050 rnunasr,
1077 3986 1179 4050 eoque
1193 3967 1264 4033 solo

154 4072 253 4151 poeta
278 4065 330 4131 hic
357 4067 400 4130 uti
429 4065 552 4151 potuit.
582 4071 616 4130 at
639 4067 793 4133 Marullus
817 4068 917 4134 Italos
942 4075 1068 4134 secutus
1097 4088 1157 4135 nec
1184 4069 1264 4136 satis

154 4167 284 4253 proprie
312 4168 440 4252 scripsit
467 4181 599 4234 onerata
626 4169 741 4256 templa
768 4173 954 4255 marcebant,
983 4177 1015 4235 ei
1043 4191 1081 4236 eo
1103 4171 1200 4236 modo
1223 4171 1274 4237 ex'

155 4270 281 4336 duobus
296 4270 448 4336 membris
470 4271 533 4336 tria
548 4269 637 4349 iecit,
654 4291 788 4355 quorum
803 4263 948 4340 ultimum
966 4275 998 4338 in
1015 4271 1157 4340 eiusdem
1174 4274 1263 4340 vocis

154 4372 346 4456 repetitione
368 4393 433 4437 non
456 4373 536 4439 satis
552 4392 592 4438 ex
607 4379 675 4439 arte
690 4374 734 4439 ad
748 4377 887 4460 primum
902 4376 1052 4462 respicit.
1074 4375 1263 4442 ceditaeatee

153 4491 212 4560 pro
235 4473 375 4540 aedituis
398 4475 432 4540 in
448 4475 589 4542 carmine
604 4495 663 4540 suo
679 4476 860 4545 Lucretium
880 4481 1047 4569 appellare
1063 4478 1187 4548 Gellius
1202 4485 1263 4549 ret·

155 4576 231 4642 tulit
253 4575 334 4642 libro
357 4598 412 4663 ιιιι,
428 4577 487 4646 10.
