3110 5146
675 381 703 449 V
1183 381 1245 448 341

226 551 319 618 1266.
364 549 417 618 Ur
441 571 514 616 erar
536 571 630 616 rann
645 571 792 616 raanan
807 571 1012 624 srnvascus
1035 573 1078 616 nr
1101 573 1247 618 causan

138 653 413 722 rossrsr.bnte
441 652 698 734 walamirum,
715 655 769 739 qui
798 672 875 720 suos
902 654 982 721 haec
1009 654 1162 721 admirari
1190 654 1254 722 da

138 759 220 843 cuit,
237 755 420 824 scribebant
441 775 512 822 cunr
535 756 695 824 Brixiensl
723 762 755 822 et
777 756 914 822 Marullo
937 757 1081 824 cecidere
1095 806 1102 822 .
1118 757 1247 823 Lambi-

138 881 217 944 nus,
233 860 287 944 qui
305 857 435 925 volabat
449 859 548 924 saluae
563 860 667 945 qarbu'
679 858 808 926 caedere
820 859 963 944 possint,
979 860 1043 926 nisi
1056 860 1169 926 leviter
1184 859 1246 926 ses·

136 963 292 1045 tinasset,
308 959 419 1028 videre
434 965 561 1045 poterat
582 961 754 1044 legendum
768 979 840 1028 esse
862 961 901 1026 Ut
923 962 989 1026 sibi
1000 961 1062 1028 tela
1076 983 1244 1045 ananan,

137 1064 258 1131 seilicet
279 1063 341 1130 hae
362 1081 511 1148 massae,
527 1063 688 1150 saluasque
709 1085 754 1128 un
776 1062 905 1131 caedere
927 1083 1110 1129 rossana.

224 1166 315 1232 1267.
338 1164 619 1236 Mannarnrrcus
646 1185 817 1230 noussen
849 1186 996 1230 navans
1024 1187 1069 1230 rc
1096 1187 1244 1232 asanaa

137 1290 266 1334 arena.
283 1267 439 1334 Marullus
462 1267 571 1334 dolare
593 1280 621 1334 et
635 1267 737 1352 levia,
752 1267 851 1355 paulo
871 1267 985 1334 melius
1008 1287 1102 1352 quam
1118 1269 1245 1336 Lumbi·
1371 1321 1375 1328 .

138 1393 196 1438 nus
208 1373 372 1438 Materiam
389 1371 493 1438 leome
508 1371 636 1438 dolare.
652 1369 729 1435 mihi
744 1369 941 1456 probabatur
952 1371 1178 1457 Materiemque
1192 1371 1244 1438 do·

136 1477 222 1558 lare,
238 1497 344 1540 secare
366 1497 403 1538 ac
425 1472 539 1540 radere
554 1475 664 1559 siqua,
680 1492 721 1540 ne
737 1473 934 1538 omitteretur
949 1471 1035 1556 quod
1051 1492 1174 1538 summe
1189 1493 1243 1540 ne·

135 1577 310 1645 cessarium
332 1582 400 1660 est,
417 1574 567 1660 quodque
583 1575 695 1642 Cicero
718 1575 827 1660 posuit
848 1576 951 1642 solum
964 1623 972 1660 ,
987 1593 1058 1640 eum
1082 1573 1163 1641 dixit
1177 1599 1242 1641 ma-

135 1683 215 1748 teria
231 1677 311 1765 quid
323 1679 467 1762 iuvaret,
482 1681 551 1746 ae‘si
562 1679 765 1744 consectrbmb
781 1679 1021 1765 erisefabrr'eam
1035 1677 1243 1744 haberemus?

134 1783 174 1849 de
197 1780 397 1847 divinatione
418 1780 536 1864 1,116.
553 1785 680 1866 poterat
700 1778 787 1844 idem
806 1777 890 1845 effici
912 1778 1083 1846 scribendo
1104 1803 1243 1864 aequare

132 1911 170 1952 aa
184 1885 299 1951 radere
313 1884 422 1971 abac.
438 1882 496 1950 sed
513 1881 593 1950 illud
616 1881 809 1965 exquisitum
825 1879 956 1948 leuandi
971 1881 1102 1947 verbnm
1119 1881 1241 1947 oblitte-

132 1984 199 2056 r'arl
215 2006 279 2052 non
296 1985 413 2069 debet,
429 1985 561 2052 alambra
576 1990 682 2051 antem
697 1983 749 2050 bic
764 1983 860 2050 facile
872 2002 1038 2050 caremus.
1054 2002 1153 2067 quare
1165 1983 1241 2050 urlbi

133 2089 300 2157 Lucretius
316 2088 363 2153 ita
381 2087 550 2173 scripsisse
567 2085 713 2170 videtur,
729 2087 891 2173 ulvaeque
912 2098 946 2151 ut
967 2085 1097 2152 caedere
1116 2101 1242 2172 poaseat

130 2194 359 2277 Materiemque
374 2211 497 2272 noue,
514 2191 618 2257 levare
629 2213 667 2255 ae
682 2189 796 2255 radere
807 2190 915 2275 tepea.
932 2187 1021 2254 domo
1033 2187 1132 2254 dandi
1149 2207 1240 2274 casu,

129 2305 164 2364 ut
179 2294 332 2362 Horatius
348 2291 577 2379 Porseudaeque
600 2291 690 2358 domo
712 2291 895 2378 quaerenda
916 2303 961 2356 eet
983 2315 1061 2356 area
1079 2292 1239 2377 primum.

129 2417 192 2467 nee
219 2397 318 2464 multo
345 2395 475 2480 saepius
501 2395 534 2460 in
562 2393 708 2460 versibus
738 2393 921 2460 invenietur
947 2392 1057 2484 domm
1068 2443 1077 2478 ,
1100 2411 1163 2478 quo
1190 2394 1241 2460 usi

129 2509 206 2570 suut
228 2499 363 2568 Ovidius
385 2517 424 2565 ac
445 2496 616 2564 Manilius.

220 2601 313 2668 1272.
337 2601 415 2668 Nnc
434 2619 647 2665 sossaaur.
665 2599 761 2667 Recte
777 2600 952 2668 Lambinus
967 2601 1034 2668 Nec
1048 2620 1239 2664 sarusar:

129 2708 267 2774 alterurn
289 2703 375 2770 enlm
397 2702 510 2770 dnmm
534 2709 602 2770 eet.

220 2807 502 2874 lassamur
528 2827 564 2870 ru
590 2827 726 2872 enarro
755 2826 1108 2889 aaars,nuaurrour
1135 2827 1239 2870 raca-

129 2932 218 2976 aau.
241 2909 407 2978 corrector
436 2903 582 2994 oblongi
595 2929 681 2974 rurr
698 2909 847 2996 praetio
875 2908 1075 2993 quadratus,
1100 2915 1136 2973 ut
1164 2929 1239 2974 mox

132 3015 213 3080 1277
238 3019 371 3096 uterque
387 3018 419 3079 et
440 3012 474 3077 in
495 3031 591 3079 versu
606 3011 753 3099 proxima
773 3008 931 3093 oblongus
946 3011 1069 3076 baebea'
1077 3060 1084 3074 .
1101 3031 1168 3074 aas
1183 3009 1238 3075 ad·

130 3115 283 3184 didenmt
304 3115 378 3181 Itali
404 3121 437 3181 et
458 3115 658 3182 Briniensis.
674 3114 720 3180 ita
741 3111 885 3179 Isidorus
914 3111 994 3195 orig.
1010 3133 1075 3198 xvr,
1088 3111 1130 3178 20
1156 3112 1239 3178 inter

130 3219 231 3286 multa
254 3217 321 3284 alia
335 3237 376 3282 ex
392 3216 452 3283 boc
467 3217 538 3284 loco
554 3218 652 3284 ducta
666 3231 794 3303 cratque
808 3217 843 3281 c'a
854 3217 957 3302 preld>
971 3217 1075 3303 mapsa
1089 3239 1164 3282 aea.
1180 3215 1239 3280 sed

130 3321 215 3386 Nam
247 3317 323 3385 ferri
351 3339 415 3385 non
441 3325 569 3406 potest,
590 3317 677 3405 quod
705 3335 836 3384 eausam
862 3317 984 3386 indicat
1009 3337 1067 3404 pro
1100 3317 1237 3384 edeam.

129 3421 310 3490 scribamus
326 3421 444 3506 igitur,
461 3423 548 3506 quod
562 3422 734 3489 Oreecbius
756 3421 790 3487 in
805 3419 996 3508 paraphrasi
1012 3420 1140 3507 posuit,
1155 3421 1239 3485 'Pau

119 3526 193 3612 fiat
214 3527 250 3590 r‘a
268 3525 372 3611 precib
392 3527 496 3612 magis
517 3550 590 3592 aee.
606 3531 747 3592 ceterum
769 3525 797 3591 si
814 3524 953 3591 Lucretii
976 3523 1165 3610 passionen
1185 3543 1239 3590 ex-

129 3634 232 3712 taret,
250 3647 290 3693 ex
306 3626 345 3692 iis
360 3646 445 3710 quae
459 3625 592 3694 Servius
607 3627 714 3696 adfert
728 3626 771 3694 ad
787 3625 867 3693 Aen.
882 3648 939 3712 xrr,
951 3625 991 3692 87
1008 3624 1104 3692 laeile
1120 3625 1239 3711 aliquis

129 3736 259 3816 poetam
281 3729 323 3796 de
345 3729 501 3796 cricladae
524 3736 597 3814 post
618 3749 675 3798 aes
701 3730 833 3796 invento
856 3729 979 3796 dixisse
1000 3727 1237 3813 suspicaretur:

129 3852 214 3898 nnnc
235 3831 383 3899 videmus
406 3851 478 3898 enm
502 3833 553 3899 bic
578 3853 705 3916 quoque
726 3839 761 3898 ut
789 3831 867 3898 alibi
890 3831 931 3898 de
953 3831 1101 3896 Lucretio
1125 3850 1239 3916 parum

128 3940 279 4002 accurate
313 3933 497 4020 rettulisse,
521 3954 591 4000 cum
624 3954 689 3999 non
722 3940 787 4000 tam
822 3934 1014 4000 Lucretiana
1046 3939 1240 4019 preponeret

129 4057 227 4122 qnam
260 4055 345 4122 quae
380 4038 415 4103 in
447 4037 706 4121 commentariis,
730 4055 811 4120 quos
843 4035 1073 4121 Hieronymum
1111 4055 1239 4120 queque

130 4144 288 4208 tractasse
314 4138 476 4224 diximus,
492 4139 644 4224 legisset.
661 4157 702 4205 ex
731 4137 781 4205 bis
809 4143 895 4204 certe
920 4137 1052 4223 petitum
1081 4139 1239 4221 estquod

129 4242 260 4328 scripsit
281 4241 314 4308 in
342 4239 456 4308 eodem
480 4240 644 4309 Aeneidos
671 4241 754 4306 libro
776 4240 859 4308 419:
876 4258 951 4305 nam
978 4258 1049 4304 cnm
1072 4239 1238 4305 Lucretius

127 4369 272 4432 penaeas
285 4393 300 4429 ‚.
315 4349 471 4430 quantum
497 4344 639 4423 seimus,
659 4343 759 4410 semel
785 4341 905 4428 rv,124
937 4347 1238 4425 commemorasset,

130 4447 185 4513 ille
199 4447 369 4516 amandum
384 4460 487 4513 tamen
509 4446 612 4532 inquil
626 4447 807 4513 Luceretium
819 4469 996 4532 panaceam
1012 4445 1126 4532 ubr'que
1140 4444 1238 4510 salem

130 4549 253 4642 dicere.
271 4570 311 4618 ex
333 4549 447 4617 eodem
470 4569 589 4640 genere
604 4567 676 4616 esse
697 4556 774 4640 puto
794 4567 878 4642 quae
892 4545 990 4617 babet
1004 4545 1047 4613 ad
1062 4545 1239 4638 georgicon
