3052 5150
326 351 389 418 110
854 351 904 418 111

322 522 489 605 vertisset,
513 523 568 606 qni
591 529 666 588 ante
686 522 801 588 librum
823 529 990 606 quartum,
1015 543 1078 608 qno
1101 523 1143 588 do
1165 524 1341 591 simulastis
1362 524 1421 592 dis·

321 625 467 710 putavit,
483 625 596 692 borum
612 643 652 692 ne
667 625 797 692 nomine
811 625 942 710 quidem
954 625 999 690 uti
1014 625 1173 692 voluerit.
1190 645 1264 692 nam
1279 629 1421 713 quumvis

321 727 480 812 Lucilius,
504 727 617 794 doetus
632 727 748 812 bomo,
771 729 864 812 quasi
881 728 923 794 de
938 747 973 794 re
994 733 1072 794 nota
1093 726 1229 796 dixisset
1242 729 1360 796 1311414
1380 744 1422 796 ut

321 853 381 918 qus
391 843 512 896 atomus
523 833 646 896 elmere
654 831 796 916 Epicuri
803 831 905 897 oolam
917 829 1019 914 (apud
1030 830 1170 896 Nonium
1181 851 1213 915 p.
1221 831 1309 918 418),
1321 839 1422 900 lamen

321 930 382 998 boo
397 931 482 1000 idem
498 931 634 1018 physica
648 930 815 1000 docentem
831 953 896 1000 non
917 932 1072 1000 decebat.
1089 938 1229 998 ueterum
1251 953 1293 1000 ox
1315 934 1422 1000 eodem

320 1035 434 1100 Lueilii
456 1035 538 1100 libro
561 1056 664 1100 xxvru
679 1037 709 1102 N
711 1036 803 1101 onius
818 1036 885 1102 4114
899 1034 1060 1120 quaedam
1075 1033 1118 1100 sd
1133 1034 1344 1122 philosophos
1358 1056 1423 1124 per·

320 1136 456 1204 tinentia
477 1139 618 1204 rettulit.
633 1159 665 1223 p.
681 1138 765 1218 231,
788 1139 809 1206 6
831 1138 991 1204 Socratem
1012 1137 1151 1218 Quidum
1173 1150 1309 1225 tyranno
1335 1141 1424 1204 rusbss

320 1240 524 1327 Aristippum
545 1254 730 1307 autumant.
747 1240 789 1307 de
804 1241 989 1308 Xenocrate
1010 1261 1041 1326 p.
1056 1240 1130 1320 410,
1147 1241 1165 1304 7
1189 1239 1286 1307 Adde
1308 1241 1423 1317 4411444,

320 1342 420 1406 1414114
431 1365 469 1407 44
478 1367 605 1410 seuerus
615 1343 841 1430 philosophus.
858 1340 899 1407 da
911 1342 1024 1408 eodem
1040 1363 1070 1428 p.
1083 1341 1148 1408 414
1158 1343 1333 1410 Polemone
1343 1367 1423 1408 outo-

319 1444 383 1525 411,
405 1459 503 1511 morte
524 1447 597 1512 1414
619 1446 795 1510 onomast
815 1469 907 1510 mcum
926 1445 1058 1512 Subolem
1080 1468 1176 1531 quum
1199 1443 1329 1512 4111441.
1344 1443 1424 1512 adde

319 1545 460 1612 Nouium
475 1568 506 1633 p.
523 1548 595 1632 280,
614 1546 738 1630 10318,
757 1546 795 1612 18
807 1545 880 1630 289,
894 1545 956 1630 26,
973 1546 1111 1612 Probum
1126 1545 1170 1612 ad
1184 1546 1243 1613 441.
1260 1568 1292 1632 p.
1307 1548 1356 1632 18,
1373 1547 1422 1612 16.

404 1649 479 1716 431.
502 1649 609 1729 Quos
633 1669 748 1714 onnus
771 1669 807 1712 nn
830 1668 982 1734 somnus,
1005 1669 1134 1714 sorrnr
1155 1670 1218 1714 unu
1241 1671 1422 1714 44444444

319 1772 414 1816 suna
430 1752 611 1818 Exsnnsu
633 1771 780 1816 444444
801 1771 969 1816 aurnuns
992 1772 1189 1824 runnsouu
1210 1751 1422 1818 4441444411

320 1853 438 1920 librum
460 1875 494 1939 u,
520 1855 581 1922 194
603 1853 698 1922 dooui
721 1854 837 1920 Latine
859 1873 924 1920 uon
946 1851 1010 1918 diei
1034 1853 1127 1934 Quod
1145 1878 1248 1940 ponus
1271 1857 1345 1940 411,
1371 1853 1422 1920 sed

319 1957 413 2036 Quod
429 1981 531 2044 ponus
552 1970 598 2022 ost
618 1957 878 2042 411444414444
897 1955 1065 2022 Lueretius
1087 1956 1165 2023 stibi
1189 1955 1275 2026 dixit
1295 1961 1423 2047 sopitos

319 2061 436 2148 quista,
464 2060 543 2142 leto,
564 2072 723 2126 castoreo.
740 2079 820 2143 ergo
842 2058 896 2124 bio
917 2058 1121 2126 seribendum
1144 2064 1194 2126 est
1216 2059 1313 2138 Quod
1329 2084 1422 2149 penos

319 2183 407 2244 usn,
422 2163 541 2228 tornaio
551 2161 650 2248 sopiti
661 2161 883 2228 1111411441
895 2211 902 2226 .
919 2161 977 2227 sed
989 2180 1086 2246 porro
1097 2159 1165 2225 aba
1176 2160 1301 2228 4114414
1311 2162 1423 2230 ninius

319 2263 536 2350 simplicitatis
551 2263 693 2349 speeiem
708 2263 885 2350 praebent,
908 2282 1013 2350 neque
1028 2263 1181 2346 intellego
1203 2265 1366 2347 quomodo
1380 2263 1421 2328 41

320 2368 406 2432 torio
417 2367 534 2454 seram
549 2365 698 2451 firmum.
715 2365 843 2450 itaque,
867 2373 902 2432 nt
923 2367 1072 2432 dematur
1093 2364 1181 2450 qnod
1202 2372 1372 2452 superest,
1394 2369 1422 2430 et

318 2468 404 2553 quod
421 2468 512 2534 deest
526 2466 800 2553 reprebendatur,
817 2467 971 2536 saoiemus
992 2489 1086 2532 sunu
1105 2467 1161 2533 ubi
1184 2473 1233 2533 est
1255 2467 1343 2550 atto,
1366 2465 1421 2530 ulto

319 2571 470 2638 44141444
474 2571 649 2657 ferreque
666 2571 852 2656 postremo'
844 2591 877 2636 44
892 2569 974 2636 libro
986 2590 1017 2656 v,
1033 2569 1096 2637 263
1111 2574 1161 2635 441
1171 2567 1324 2636 Potosrs‘s
1334 2567 1420 2634 4414

320 2673 367 2738 lut
380 2673 545 2756 nabulum,
568 2674 644 2739 item
659 2672 724 2738 463
738 2673 884 2738 Emolurs
899 2673 988 2738 lueres
1002 2671 1168 2754 44141441,
1192 2670 1273 2737 alibi
1289 2669 1420 2748 similia,
1510 2697 1511 2772 ,

320 2776 394 2860 quis
417 2795 494 2858 ergo
517 2795 582 2841 uon
606 2773 718 2842 eredat
737 2780 868 2859 potitum
889 2775 942 2840 bio
963 2773 1133 2860 soripsisse
1148 2719 1297 2862 boatum
1315 2791 1420 2836 suro·

318 2899 393 2942 nun
403 2878 549 2944 4144141
564 2876 754 2962 praesertim
769 2896 840 2942 oum
852 2876 966 2944 eodem
978 2875 1074 2942 modo
1086 2894 1198 2942 omues
1213 2875 1340 2942 loeutus
1356 2891 1419 2940 esse

319 2987 460 3066 oonstet,
484 2980 545 3046 nisi
567 2980 653 3064 quod
669 2998 711 3045 ex
725 2977 819 3045 Statii
835 2978 1019 3046 Thebaidos
1041 2999 1073 3062 x,
1099 2977 1159 3043 108
1181 2983 1312 3044 notatur
1333 2976 1418 3042 4414

319 3086 498 3150 1441444144
513 3082 661 3148 absolute
675 3081 834 3166 positum.
851 3101 956 3166 neque
970 3081 1004 3146 in
1019 3078 1126 3147 Ovidii
1145 3079 1357 3166 metamorph.
1372 3097 1418 3158 xv,

317 3187 381 3254 528
403 3184 480 3252 mibi
503 3185 584 3250 44114
605 3184 770 3270 proprium
786 3183 1108 3271 videturfessumqae
1122 3181 1247 3248 uideres
1261 3181 1418 3252 Eubulort
1509 3193 1510 3206 ¹

319 3291 477 3372 animum,
502 3285 589 3372 quod
604 3285 764 3372 Hauptius
779 3287 812 3352 in
827 3285 1109 3356 observationibus
1125 3283 1244 3350 44111414
1259 3305 1292 3370 p.
1308 3284 1349 3350 23
1364 3282 1418 3348 lor·

318 3399 405 3458 tasse
421 3388 553 3456 defendi
569 3407 665 3474 posse
680 3387 779 3454 dioit:
795 3387 840 3454 ibi
856 3407 897 3455 ex
908 3387 1141 3472 antiquissimis
1153 3385 1320 3453 oodioibus
1330 3384 1416 3452 Heiu-

318 3494 358 3559 sii
382 3491 616 3577 Neapolitanus
638 3489 736 3556 babet
750 3491 935 3574 24141444,
959 3490 1126 3557 24141441
1136 3487 1279 3556 Urbinas
1301 3495 1333 3554 et
1350 3487 1417 3552 Ber
1508 3519 1509 3526 1

318 3613 543 3678 neggersnus.
559 3599 700 3658 osterum
726 3594 746 3658 1
772 3593 923 3658 litteram*
938 3593 972 3658 in
1001 3610 1159 3658 oonsousu
1185 3590 1332 3658 oudinum
1358 3606 1415 3654 non

318 3695 588 3764 interseruisse
604 3695 765 3780 oblongus
780 3694 868 3762 solus
880 3717 914 3779 44,
930 3695 992 3760 411
1005 3716 1036 3778 v,
1051 3693 1115 3760 253
1130 3714 1173 3778 rr,
1189 3693 1251 3760 811
1265 3741 1274 3779 ,
1289 3689 1415 3778 quadra·

319 3809 370 3866 1114
391 3743 1092 3882 4144111144,22141444114414444,864.

404 3901 478 3966 431.
501 3899 658 3966 Caunus
680 3920 845 3966 ssuusu.
861 3901 936 3968 itali
958 3906 991 3967 et
1011 3897 1160 3986 impressi
1181 3895 1327 3964 04444.

403 4002 477 4069 438.
500 4001 639 4080 Ornos,
670 4023 714 4066 nn
745 4024 870 4085 cunnus
892 4022 1072 4066 u1ssonvr
1095 4021 1268 4066 couneus
1290 4017 1413 4064 44444.

320 4106 436 4172 Ocnus
452 4111 611 4171 corrector
621 4103 773 4190 quadrati
789 4107 843 4172 et
836 4105 998 4192 impressi.
1013 4111 1081 4170 tum
1095 4128 1133 4170 oo
1149 4103 1309 4224 impressi,
1325 4098 1413 4167 mule.

319 4227 414 4294 porro
438 4215 598 4274 eorreotor
619 4207 770 4292 quadrati
793 4207 929 4274 dissolvi
946 4229 983 4271 44
998 4231 1133 4296 empore
1148 4209 1277 4294 primo,
1300 4202 1411 4290 perite·

319 4317 497 4379 oeterorum
524 4309 631 4376 nullus
660 4310 762 4395 vidit,
790 4310 849 4376 sod
879 4308 1101 4378 Wakefieldns
1128 4328 1200 4376 eum
1226 4311 1310 4376 rsote
1333 4320 1412 4370 seeu-

319 4421 371 4480 tus
394 4421 464 4480 est.

404 4515 478 4584 441.
503 4513 582 4582 eun
609 4535 797 4580 44444444
824 4535 986 4595 sununs.
1014 4515 1102 4582 Beue
1124 4513 1276 4580 Marullus
1302 4509 1409 4589 11441-
