3020 5146
587 443 635 507 111

27 640 48 686 ro
70 618 135 700 quid
156 617 182 681 si
204 621 314 700 posset
333 615 446 680 enim?
461 615 561 679 multo
584 613 671 698 prius
692 613 766 697 ipsa
787 613 883 678 animi
906 614 955 679 vis

65 732 210 814 incapite
232 736 289 796 aut
310 729 428 795 umeris
450 735 505 794 aut
526 729 600 794 imis
621 727 763 794 calcibus
786 747 858 792 esse

65 851 181 929 posset,
197 851 229 909 et
249 843 372 910 innasci
396 843 510 926 quavis
532 843 563 907 iu
586 848 680 927 parte
699 841 817 906 soleret

65 959 176 1023 tandem
199 959 232 1024 iu
255 957 368 1025 eodem
392 957 520 1022 homine
543 964 640 1039 atque
662 956 695 1020 in
718 955 830 1021 eodem
853 975 931 1021 vase
954 975 1106 1021 manere.

65 1073 307 1156 quodquoniam
329 1077 437 1138 nostro
462 1091 588 1156 quoque
610 1077 733 1136 constat
756 1089 890 1154 corpore
913 1077 1051 1148 eertum,

27 1207 46 1252 u
67 1187 300 1270 dispositumque
322 1187 449 1254 videtur
471 1187 525 1251 ubi
548 1205 619 1252 esse
642 1191 673 1250 et
695 1204 837 1252 creseere
860 1185 961 1270 possit

65 1322 171 1367 sorsum
193 1302 303 1366 anima
325 1307 421 1383 atque
443 1301 587 1384 animus,
603 1307 691 1364 tante
713 1301 816 1382 magis
837 1297 1035 1364 infitiandum

65 1422 148 1478 totum
169 1436 266 1500 posse
291 1423 381 1482 extra
403 1436 518 1500 eorpus
540 1415 657 1480 durare
679 1414 838 1497 genique.

65 1549 166 1609 qnare,
182 1551 300 1616 corpus
323 1530 376 1596 ubi
399 1528 536 1612 interiit,
553 1529 688 1614 periisse
711 1533 874 1594 necessest

64 1641 216 1709 confluere
239 1645 381 1710 animam
405 1642 589 1708 distractam
612 1643 643 1708 in
668 1662 802 1726 corpore
824 1648 910 1708 toto.

27 1757 165 1840 equippe
187 1759 308 1824 etenim
330 1756 463 1822 mortale
485 1764 616 1822 aeterno
638 1758 773 1838 iungere
796 1761 827 1822 et
848 1776 912 1820 una

64 1873 226 1938 consentire
250 1879 367 1957 putare
389 1876 421 1935 et
442 1870 532 1955 fungi
554 1877 662 1936 mutua
684 1891 781 1956 posse

65 1981 241 2068 desiperest:
261 1985 339 2068 quid
363 1984 446 2052 enim
469 1985 626 2052 diversius
649 2005 719 2052 esse
742 1985 950 2069 putandumst

65 2107 106 2162 rut
125 2102 225 2183 magis
247 2103 332 2166 inter
354 2117 390 2164 se
414 2097 605 2164 disiunctum
629 2099 923 2184 decrepitamque,

69 2230 140 2292 quam
162 2215 298 2280 mortale
321 2212 405 2296 quod
430 2219 478 2278 est
498 2213 660 2278 inmortali
682 2219 779 2296 atque
800 2215 934 2298 pereuni

27 2341 49 2383 u
70 2322 182 2392 iuncum
204 2329 238 2394 in
262 2330 397 2394 coneilio
419 2347 535 2394 saevas
558 2325 697 2392 tolerare
719 2328 907 2412 procellas?

27 2455 47 2500 u
67 2440 132 2518 quod
153 2444 179 2508 si
201 2443 288 2508 forte
309 2443 382 2508 ideo
407 2442 510 2523 magis
532 2441 718 2508 immortalis
741 2443 938 2522 habendam,

65 2555 134 2634 quod
154 2558 307 2624 letalibus
330 2558 372 2622 ab
394 2557 490 2622 rebus
512 2555 634 2620 munita
655 2563 800 2638 tenetur,

64 2677 106 2732 aut
125 2673 196 2753 quia
217 2693 285 2738 nou
307 2672 438 2740 veniunt
460 2671 588 2736 omnino
612 2671 720 2738 aliena
742 2673 875 2750 salutis,

64 2791 107 2848 sut
126 2788 196 2868 quia
218 2809 305 2872 quae
326 2787 459 2852 veniunt
479 2786 591 2868 aliqua
612 2785 735 2852 ratione
758 2787 910 2854 recedunt

63 2900 142 2979 pulsa
161 2904 250 2988 prius
274 2923 369 2984 quam
392 2900 470 2984 quid
491 2908 628 2967 noceant
650 2903 768 2969 sentire
791 2922 966 2986 queamus,

61 3137 174 3209 praeter
195 3132 282 3197 enim
306 3149 403 3214 quam
427 3133 513 3214 quod
536 3132 656 3198 morbis
679 3153 751 3198 eum
774 3133 916 3216 corporis
939 3137 1070 3216 aegrer,

27 3257 44 3304 u
64 3243 180 3311 advenit
201 3247 234 3311 id
258 3247 345 3330 quod
366 3265 439 3311 eam
461 3246 501 3312 de
524 3247 619 3312 rebus
642 3267 739 3331 saepe
761 3246 876 3312 futuris

62 3367 187 3426 nacerat
209 3362 308 3443 inque
331 3367 414 3426 metu
436 3361 520 3426 male
542 3360 640 3428 habet
662 3363 810 3445 curisque
834 3363 968 3447 fatigat,

63 3477 290 3560 praeteritisque
312 3475 397 3542 male
419 3474 566 3542 admissis
588 3484 721 3559 peecata
743 3479 945 3544 remordent.

63 3586 134 3654 adde
154 3591 292 3658 furorem
314 3589 412 3656 animi
435 3590 596 3674 proprium
619 3598 717 3672 atque
740 3593 858 3658 oblivia
880 3611 1003 3669 rerum,

63 3701 134 3768 adde
156 3707 242 3788 quod
264 3707 297 3772 in
320 3705 427 3790 nigras
448 3705 585 3787 lethargi
608 3707 762 3790 mergitur
782 3705 905 3773 undas.

27 3829 43 3874 lt
96 3817 144 3884 Nil
166 3821 261 3906 igitur·
282 3841 369 3888 mors
392 3827 441 3886 est
462 3819 507 3886 ad
528 3839 588 3886 nos
610 3841 714 3904 neque
736 3823 872 3906 pertinet
894 3822 1011 3899 hilum,

62 3933 304 4019 quandoquidem
326 3941 441 4002 natura
462 3935 560 4000 animi
582 3937 726 4003 mortalis
747 3935 902 4004 habetur.

65 4099 247 4128 -ς

66 4231 106 4279 790
124 4234 194 4295 Quod
216 4233 229 4305 ΙΙ
251 4239 300 4287 798
317 4239 410 4302 perisse
430 4239 443 4307 Η
463 4242 514 4289 800
533 4240 666 4296 mortalem
690 4237 704 4308 Η
728 4241 778 4289 804
798 4239 920 4304 perenni.
946 4235 960 4306 Η
986 4236 1137 4286 soeculum
1158 4231 1171 4300 ll

64 4316 436 4384 sos-818=v‚at1—-363.
458 4325 471 4393 Η
494 4328 545 4376 820
563 4325 683 4378 vitalibus
703 4323 716 4396 Η
737 4328 788 4377 824
806 4325 914 4375 morbist
933 4321 946 4394 ΙΙ
966 4324 1065 4388 aegrit.
1086 4320 1099 4390 ΙΙ
1120 4325 1170 4372 826

64 4400 162 4458 limeret
181 4407 194 4477 Η
214 4412 264 4460 828
284 4411 352 4464 Auni
