3096 5142
317 373 380 441 258
588 370 591 380 ’
847 370 892 438 IV

317 567 444 612 worm
470 541 533 610 aad
556 566 651 630 qaam
676 541 710 608 in
743 546 874 612 scrabra
906 540 1051 610 consulto
1078 540 1119 608 de
1148 539 1418 625 Bacchanalibus,

317 645 375 712 aed
398 647 469 713 sino
491 645 648 712 relativo.

403 751 476 816 818.
498 769 567 814 nos
590 769 899 816 sunrnnrrurua.
920 747 1097 818 Brixieusis
1120 748 1221 816 editio
1242 769 1332 816 sou.

404 852 476 920 820.
499 851 540 918 Is
561 873 723 916 uasrnus
746 873 900 916 vrarorr
921 871 1062 916 sacrus
1083 899 1090 916 .
1115 853 1154 918 In
1180 851 1340 935 quadrato
1361 872 1420 916 rra

317 977 379 1020 arr
405 953 525 1022 factum
551 938 727 1040 radendo,
749 974 854 1038 nequo
876 953 971 1026 aliter
993 954 1067 1024 Itali
1089 961 1121 1022 ct
1143 955 1298 1022 Marullus
1318 1003 1326 1020 .
1349 953 1420 1020 olim

317 1057 394 1122 editi
416 1059 467 1122 cir
487 1071 542 1122 tarr
565 1065 597 1124 ct
617 1061 667 1122 vr'r
689 1071 762 1124 tarro
774 1107 783 1141 ,
804 1077 886 1141 quos
908 1057 1066 1124 Avantius
1088 1064 1218 1123 secutus
1238 1064 1308 1124 est.

343 1197 346 1206 ,
403 1160 475 1226 826.
510 1158 620 1237 Quor>
650 1181 695 1224 aa
727 1159 1188 1232 u1·anrrua.Huiua·tersne
1217 1179 1299 1226 vera
1326 1160 1420 1232 ,sedes

317 1280 401 1345 quac
427 1267 513 1330 osset
539 1269 699 1329 corrector
725 1261 875 1346 quadrati
901 1262 1093 1330 annotavit.
1117 1261 1274 1330 Marullus
1299 1281 1421 1346 quoquc

316 1363 417 1430 vidit.

402 1465 475 1534 822.
504 1466 619 1533 Ionon
647 1489 684 1532 rs
710 1489 769 1532 ars
796 1489 912 1532 uanos
935 1487 1068 1534 vrrrurr
1095 1487 1347 1532 vnauausunu
1372 1487 1421 1530 rs-

314 1589 404 1634 nssn
428 1569 628 1646 Errucnan
645 1619 652 1653 ,
669 1591 816 1643 rancun
838 1587 1089 1642 acarasseon
1110 1589 1421 1644 rananrunsrna.

317 1673 501 1752 Quadratus
511 1672 706 1749 Illudt'rrt‘tr‘s
722 1674 815 1744 rebem
826 1676 962 1757 cimmo,
978 1673 1138 1756 oblongus
1149 1687 1422 1759 praemoneantur.

317 1774 476 1840 Antonius
499 1774 596 1850 Marii,
613 1799 721 1846 rrrore
742 1777 858 1844 multos
881 1802 940 1864 quc
957 1775 1229 1864 prmaeditcaarr.
1251 1793 1422 1840 annonas

318 1897 538 1948 virsanoun'
555 1876 671 1942 eximie
692 1886 853 1952 corrector
867 1879 1017 1963 quadrati
1031 1886 1067 1945 at
1079 1878 1237 1946 Aventina
1253 1931 1269 1950 .,
1280 1901 1421 1966 prumie-

317 1993 436 2046 tacater
451 1986 536 2046 racto
551 1986 657 2046 tuctur
672 1979 856 2047 Gronovius
876 1983 909 2046 iu
925 1982 1185 2052 observationum
1201 1981 1281 2063 nab
1297 2001 1330 2065 p.
1341 1979 1402 2046 463
1415 2000 1422 2042 :

316 2081 475 2149 sedidem
492 2131 499 2166 ,
522 2081 609 2166 quod
625 2083 763 2148 orationi
782 2084 926 2150 mambra
943 2104 1005 2151 sua
1018 2083 1160 2152 noudum
1175 2089 1327 2150 constant
1340 2082 1421 2165 (quia

316 2186 400 2252 enim
416 2205 486 2252 cum
502 2183 705 2252 Wakefieldo
721 2183 809 2253 dicat
822 2188 923 2253 inesse
937 2188 979 2256 ab
995 2189 1122 2254 obteram
1143 2205 1209 2252 non
1229 2185 1363 2252 differre
1373 2183 1421 2267 l),

315 2289 466 2373 probavit
486 2291 677 2356 celmacoter
698 2289 819 2370 iurato,
839 2287 872 2353 id
895 2297 945 2354 est
960 2339 968 2374 ,
984 2290 1089 2374 inquit
1103 2339 1111 2374 ‚
1127 2288 1190 2362 boc
1208 2287 1267 2364 tibi
1288 2286 1422 2354 inculca

315 2399 381 2458 tum
397 2441 404 2474 ‚
421 2391 481 2458 boo
503 2389 635 2457 infixum
657 2391 722 2456 sit.
744 2389 802 2456 scd
825 2391 886 2458 boc
906 2394 1004 2460 ebrato
1027 2393 1087 2458 tabi
1104 2393 1240 2481 affuqera
1254 2409 1371 2460 veram
1391 2393 1423 2454 ut

316 2494 431 2562 Latino
458 2495 521 2568 dici
547 2493 672 2579 possit,
695 2497 727 2559 ot
749 2494 934 2563 Gronovius
948 2495 993 2560 <iol
1015 2493 1143 2566 Marulli
1164 2495 1333 2560 inventum
1354 2511 1422 2559 esse

315 2597 512 2680 ignorabat,
528 2597 583 2680 qui
605 2597 675 2680 ipse
697 2595 774 2678 quid
796 2597 938 2664 scuticas
961 2598 1008 2664 ita
1027 2597 1192 2682 scripserit
1211 2613 1277 2667 non
1294 2615 1421 2682 possum

204 2747 208 2762 .
315 2707 402 2766 certo
430 2698 537 2766 dicere
558 2722 565 2764 ε
590 2698 665 2764 lecit
691 2699 777 2764 cuim
800 2700 951 2786 Effaqcrc
978 2725 1084 2768 erroro
1111 2700 1239 2770 illoram
1265 2701 1329 2784 qur'
1351 2699 1422 2763 tao

311 2801 612 2888 praemeditantur.
634 2802 699 2868 iam
721 2801 748 2866 si
772 2802 956 2885 quaerimus
979 2802 1012 2868 id
1034 2801 1122 2886 quod
1144 2801 1282 2871 omnium
1302 2798 1423 2884 simpli·

315 2904 477 2970 tissimum
492 2911 542 2972 ast
557 2953 565 2987 ,
581 2903 624 2970 ad
643 2903 866 2988 complendam
887 2905 1078 2972 seutentiam
1100 2903 1182 2972 nihil
1203 2901 1423 2978 accommoda·

314 3007 378 3072 tius
404 3007 584 3074 inveniatur
611 3025 708 3090 quam
735 3020 854 3093 oportet
874 3056 881 3071 .
905 3005 966 3074 boo
993 3014 1101 3076 tamen
1126 3025 1334 3073 varum-ease
1361 3024 1422 3072 non

315 3116 441 3194 potest,
458 3109 536 3194 quia
554 3109 736 3176 Lucretium
759 3109 800 3174 ab
824 3109 883 3174 boo
904 3110 1004 3176 verbo
1027 3129 1092 3176 uon
1114 3111 1185 3176 siue
1205 3127 1308 3175 musa
1329 3107 1422 3179 abati·
1544 3197 1545 3200 Ἴ

315 3212 426 3278 nuisso
441 3211 730 3280 demonstravimus
746 3211 789 3278 ad
804 3211 922 3280 librum
936 3233 958 3296 r,
971 3213 1032 3278 778
1049 3265 1056 3280 .
1073 3231 1159 3280 nuno
1173 3225 1345 3294 massot,
1360 3228 1420 3295 qno
1449 3291 1462 3322 t
1544 3217 1545 3296 J

314 3320 411 3398 poeta
433 3315 476 3380 uti
499 3315 604 3398 solat,
624 3315 666 3380 ab
688 3317 790 3380 inesse
811 3323 877 3381 tam
899 3315 1011 3401 paucis
1032 3315 1147 3382 litteris
1169 3313 1291 3400 distat,
1312 3321 1348 3381 ut
1368 3313 1420 3380 rix
1544 3327 1545 3330 ’

314 3417 468 3484 credibile
494 3419 535 3486 sit
561 3416 652 3484 aliud
680 3418 852 3500 quicquam
878 3417 930 3483 bic
957 3419 1086 3486 latero.
1113 3423 1147 3484 at
1168 3415 1202 3487 id
1223 3435 1338 3484 versus
1359 3435 1420 3482 nou

313 3521 456 3604 patitur.
476 3519 535 3588 sed
556 3521 719 3605 patietur,
740 3522 768 3586 si
790 3519 872 3586 illud
893 3521 986 3587 rebus
1007 3521 1040 3586 in
1062 3519 1156 3592 finem
1179 3535 1292 3592 versus
1315 3519 1420 3588 reicie-

313 3643 383 3690 mua
397 3675 405 3710 ‚
426 3644 497 3690 cum
511 3623 664 3688 librarios
678 3623 837 3690 formulae
852 3623 1064 3690 Lucretianac
1079 3623 1145 3688 iarn
1159 3621 1418 3694 nimis-adsuetos

313 3726 364 3792 bio
378 3747 507 3812 quoquo
522 3724 614 3791 Illud
627 3727 662 3792 ab
676 3727 726 3792 lab
740 3727 833 3792 rebus
848 3726 1053 3792 continuasse
1068 3743 1133 3794 non
1154 3725 1197 3794 sit
1218 3723 1417 3796 mirandum.

312 3829 489 3896 scribemus
511 3828 608 3911 igitur
629 3827 721 3892 Illud
740 3829 776 3892 r'a
797 3829 847 3894 bris
861 3830 972 3896 citiam
986 3842 1139 3896 vacanter
1161 3825 1272 3900 uanu‘,
1290 3845 1418 3890 sacas·

313 3951 399 3994 susr
418 3932 568 4018 Effcqcre
584 3979 592 3996 .
611 3930 660 3994 bis
683 3931 879 3997 simillimum
902 3936 951 3996 ast
972 3931 1005 3994 in
1026 3951 1060 4013 11,
1075 3929 1138 3996 581
1154 3929 1246 3995 lttod
1257 3926 1416 4002 talabot·

311 4035 470 4120 at'qaatcm
497 4055 619 4120 qaoque
647 4035 741 4100 rebus
766 4035 878 4100 tabae
900 4034 1076 4115 &nocais
1099 4051 1206 4116 uectae
1228 4031 1308 4104 haec
1329 4029 1416 4096 dissi·

311 4135 421 4220 milia,
437 4136 470 4202 in
486 4135 600 4202 codem
615 4136 679 4202 216
701 4135 792 4202 Illud
811 4137 847 4202 ira
868 4136 918 4204 bair
939 4159 1061 4223 quoquc
1079 4147 1111 4206 ,te
1131 4137 1225 4202 rebar
1239 4153 1416 4220 cognoscere

311 4261 457 4322 acanus,
471 4245 503 4304 et
517 4238 577 4306 891
591 4238 683 4304 Illud
695 4241 731 4304 ab
745 4239 795 4304 br'a
809 4239 909 4324 tortor
919 4239 1012 4304 rabac
1022 4239 1200 4306 merminiaco
1211 4235 1345 4308 doubt.
1360 4228 1415 4300 aad

310 4341 344 4408 in
374 4341 434 4408 hoc
460 4341 531 4408 loco
555 4340 655 4406 verba
681 4339 858 4408 restituisse
883 4359 948 4406 nou
975 4339 1092 4410 sufflat
1106 4355 1121 4405 'r
1143 4339 1241 4423 longe
1262 4338 1347 4407 anim
1367 4335 1414 4400 bic

311 4441 472 4514 difficilius
495 4449 670 4510 astrorum
693 4441 839 4510 ordinem
861 4449 893 4512 et
915 4442 1117 4512 tractationis
1139 4441 1309 4536 aniversae
1319 4437 1413 4512 ratio

309 4565 383 4612 nom
411 4547 618 4634 perspicere.
642 4564 716 4609 nam
739 4551 836 4630 polita
857 4545 996 4631 primum
1018 4545 1199 4611 simulacris
1218 4563 1331 4611 sensns
1353 4557 1412 4608 mc
