3020 5146
550 415 594 480 111

28 589 160 652 inbecilla
181 587 290 664 toras,
306 585 339 652 in
362 591 494 670 aperto,
510 584 652 668 tegmine
675 582 825 669 dempto,

30 723 82 766 non
102 701 191 768 modo
214 723 278 767 non
301 719 427 766 omnem
449 701 550 784 possit
571 697 689 764 durare
711 718 771 782 per
793 717 926 777 aevom,

30 818 76 882 scd
95 818 251 882 minimum
275 813 410 900 quodvis
432 821 573 898 nequeat
595 815 768 880 consistere
790 815 943 900 tempus?

30 953 78 997 uec
95 934 148 998 sibi
172 933 256 999 enim
280 929 447 1014 quisquam
469 931 609 996 moriens
632 931 748 996 sentire
771 930 898 994 videtur

33 1045 70 1112 irc
87 1046 165 1113 soros
186 1047 328 1112 animam
350 1045 540 1110 incolumem
564 1045 604 1110 de
627 1065 761 1130 corpore
782 1051 869 1121 toto,

31 1182 79 1226 nco
96 1163 176 1246 prius
197 1162 240 1227 ad
262 1161 406 1243 iugulum
429 1164 460 1226 et
479 1179 597 1244 supera
618 1159 791 1226 succedere
814 1159 944 1245 lauces,

31 1297 122 1341 rcmm
143 1275 278 1342 delicere
299 1277 331 1340 in
354 1280 444 1340 certa
465 1276 600 1356 regione
623 1275 781 1354 looatam3

29 1398 56 1454 ut
74 1411 175 1456 sensus
197 1391 280 1456 alios
302 1390 334 1455 in
358 1389 441 1475 parti
463 1410 621 1474 quemque
645 1411 705 1456 sua
728 1391 788 1456 scit

31 1506 162 1570 dissolui.
179 1505 267 1588 quod
288 1505 316 1570 si
338 1484 649 1572 inmortalis'nostra
671 1505 753 1570 foret
775 1525 887 1584 mens,

31 1641 82 1685 nou
100 1627 159 1686 tam
180 1640 216 1687 se
238 1620 381 1684 moriens
403 1617 537 1684 dissolvi
560 1625 824 1702 conquereretur,

30 1734 74 1798 scd
93 1734 189 1818 magis
211 1736 262 1802 ire
284 1735 375 1800 foras
396 1741 581 1815 vestemque
604 1735 803 1818 relinquere,
820 1741 854 1798 ut
875 1736 1009 1818 anguis.

64 1849 197 1932 Denique
220 1870 279 1916 our
300 1850 399 1914 animi
421 1869 594 1931 numquam
617 1869 707 1932 mens
730 1849 961 1932 consiliumque

32 1962 145 2046 gignitur
164 1965 196 2030 in
220 1965 329 2049 capite
352 1971 409 2029 aut
429 1963 568 2050 pedibus
591 1963 799 2048 manibusve,
817 1964 876 2032 sed
897 1966 970 2030 uuis

34 2077 140 2144 sedibus
161 2086 193 2144 et
215 2081 314 2146 certis
335 2079 511 2166 regionibu’
532 2080 670 2164 pectoris
694 2079 824 2158 haeret,

39 2191 58 2253 si
73 2213 123 2258 uon
143 2203 230 2260 certa
252 2194 328 2259 loeo
351 2193 392 2258 ad
413 2193 611 2260 nascendum
632 2193 760 2259 reddita
783 2195 898 2276 cuique

37 2314 147 2390 smt,et
167 2310 223 2374 ubi
247 2308 401 2391 quicquid
423 2309 526 2392 possit
548 2309 662 2374 durare
686 2315 827 2376 creatum

15 2425 109 2502 mque
127 2424 170 2488 ita
191 2421 391 2488 multimodis
413 2421 566 2507 perlectis
588 2425 721 2488 artubus
742 2443 833 2507 csse,

34 2537 219 2603 membrorum
242 2542 281 2601 ut
302 2557 474 2618 numquam
496 2537 614 2602 existat
634 2545 859 2622 praeposterus
883 2538 989 2604 ordo?

35 2653 215 2731 usqueadeo
239 2651 385 2734 sequitur
407 2669 457 2716 res
481 2672 568 2735 rem,
585 2671 690 2734 neque
712 2652 843 2719 flamma
865 2655 968 2720 creari

33 2761 190 2832 fluminibus
212 2765 341 2832 solitast
362 2783 467 2847 neque
490 2766 523 2832 in
545 2767 611 2849 igni
634 2766 759 2848 gignier
781 2769 894 2853 algor.

64 2881 224 2947 Praeterea
247 2881 276 2946 si
299 2880 478 2946 inmortalis
500 2888 614 2946 natura
637 2881 787 2946 animaist

32 3000 57 3056 et
73 2994 179 3060 sentire
202 3001 311 3080 potest
333 2999 458 3060 secreta
480 3015 501 3058 a
524 3013 656 3079 corporo
679 3001 808 3070 nostro,

33 3108 169 3194 quinque,
186 3115 222 3175 ut
244 3109 380 3193 opinor,
398 3129 469 3174 eam
492 3107 676 3173 faciundum
701 3115 750 3176 esi
771 3109 918 3174 sensibus
940 3115 1086 3174 auctam.

33 3241 77 3286 nee
96 3224 213 3290 ratione
237 3224 305 3288 alia
327 3229 452 3288 nosmet
473 3242 652 3307 proponere
675 3223 768 3287 nobis

33 3352 176 3414 possumus
199 3338 345 3403 internas
369 3337 495 3402 animas
517 3337 699 3402 Acherunte
721 3337 853 3421 vagari.

33 3449 148 3528 pictores
170 3452 282 3534 itaque
305 3458 336 3516 et
358 3451 545 3535 scriptorum
568 3451 677 3516 saecla
698 3451 809 3535 priora

15 3559 70 3626 usic
87 3565 205 3632 aniruas
228 3566 313 3630 intro
336 3565 494 3631 duxerunt
516 3566 664 3632 sensibus
687 3573 818 3631 auctas.

33 3684 58 3737 at
76 3699 170 3762 neque
192 3701 318 3746 sorsum
341 3679 425 3744 oculi
447 3699 550 3762 neque
574 3699 667 3744 nares
690 3701 749 3746 nec
772 3701 887 3746 manus
908 3682 979 3766 ipsa

34 3809 89 3856 csse
109 3802 210 3878 potest
232 3795 382 3879 animae,
400 3815 503 3878 neque
527 3813 652 3858 sorsum
675 3793 786 3877 lingua
809 3815 912 3877 neque
934 3814 1048 3860 aures:

35 3897 104 3968 haud
123 3908 217 3992 igitur
240 3929 299 3994 per
320 3929 354 3974 sc
377 3915 510 3993 possunt
531 3907 649 3972 sentire
670 3927 774 3988 neque
798 3929 888 3976 esse.

36 4079 85 4092 .....-

37 4203 76 4252 tlt
93 4205 234 4260 inmortales
258 4207 273 4277 ΙΙ
298 4213 347 4260 617
367 4209 485 4260 omuibus
511 4208 524 4278 il
551 4211 601 4260 618
620 4207 701 4260 redita
726 4206 739 4276 Η
763 4212 814 4260 620
833 4220 860 4260 te
883 4209 895 4278 ji
920 4212 1024 4276 pertotis
1049 4208 1062 4280 ss
1087 4213 1137 4262 623

37 4289 99 4338 mim
120 4309 199 4357 neque
225 4296 320 4360 insigni
344 4293 358 4364 ΙΙ
384 4299 434 4346 624
452 4295 567 4346 mortalis
592 4294 607 4366 ΙΙ
631 4297 769 4346 animnost.
794 4295 807 4366 Η
834 4301 883 4348 aad
902 4309 1022 4349 auctum.
1048 4297 1061 4365 li
1087 4300 1137 4348 628

38 4387 127 4428 tueare.
146 4379 160 4450 ll
181 4385 232 4431 632
251 4383 337 4432 anima
357 4379 371 4450 ΙΙ
391 4385 441 4431 63³
462 4385 585 4434 Auditum

889 4480 936 4554 ἵ*
