3036 5150
300 375 341 441 m
838 373 871 438 11
901 355 911 374 '

384 545 457 611 318.
488 565 561 617 ono
585 565 685 616 oouu
707 564 925 607 vocuuras.
950 543 1017 623 Quo
1040 563 1223 613 eunucus
1246 543 1389 606 corrector

300 649 451 732 oblongi.

384 753 457 817 320.
481 749 531 816 Er
555 771 689 814 sarran
712 771 824 814 nour.
849 749 923 814 Itali
946 753 979 815 et
999 750 1148 836 impressi
1172 769 1335 813 surrrrr.

383 854 456 920 322.
480 854 533 918 Er
555 875 623 917 ver.
642 876 706 918 urr
727 876 761 916 ru
777 853 1146 919 vrnrnr.Soribendum
1163 859 1212 922 est
1226 853 1277 918 uel
1289 871 1330 915 nn
1344 850 1390 930 ic,

300 959 375 1024 item
397 958 431 1022 in
454 976 548 1022 versu
571 956 664 1022 huius
687 956 762 1022 libri
785 957 848 1023 780
869 977 915 1019 υτ
937 957 972 1020 io
994 955 1171 1042 quadrato,
1194 955 1334 1040 quamvis
1353 951 1391 1016 ibi

299 1077 427 1143 quoque
442 1059 641 1144 exemplaria
655 1059 797 1125 habeant
811 1061 861 1124 cti
880 1061 914 1124 iu
925 1103 933 1122 .
946 1058 1069 1124 nullam
1085 1061 1169 1125 enim
1185 1060 1219 1123 in
1241 1053 1392 1124 vocabulis

299 1161 399 1226 'iambi
415 1161 507 1247 pedis
523 1181 674 1226 mensura
689 1161 926 1247 comprehensis
949 1161 1115 1227 elisionem
1138 1181 1159 1226 a
1180 1161 1325 1226 Lucretio
1344 1155 1391 1222 ad·

299 1263 430 1328 missam
455 1283 526 1330 esse
555 1263 742 1330 docebimus
769 1265 811 1330 ad
837 1265 1273 1348 librum·111,954.partem
1298 1269 1392 1328 tamen

299 1371 466 1450 poetarum
490 1367 531 1431 ab
555 1367 616 1432 hoe
638 1387 757 1450 genere
773 1387 836 1432 non
852 1365 1024 1433 abhorrere
1041 1365 1159 1432 ibidem
1175 1367 1393 1432 concedemus:

297 1469 355 1534 sed
378 1470 491 1552 nequis
514 1471 571 1534 olli
595 1477 712 1556 poetae
734 1469 919 1536 adscribere
941 1469 1022 1536 velit
1048 1472 1099 1534 oti
1124 1473 1159 1535 io
1182 1495 1332 1556 oeqome,
1357 1464 1393 1532 ad

298 1571 442 1637 eiusdem
470 1572 542 1637 libri
570 1593 699 1640 versum
722 1574 783 1639 941
813 1573 998 1638 cavebimus
1022 1623 1029 1638 .
1049 1593 1154 1658 neque
1181 1573 1215 1638 in
1244 1569 1393 1640 Ciceronis

299 1674 508 1758 epistularum
530 1697 595 1760 xiv,
615 1677 654 1742 16
677 1675 850 1760 legendum
874 1683 923 1742 est
944 1678 995 1741 oti
1014 1677 1062 1759 ei,
1086 1675 1143 1742 red
1166 1678 1285 1742 utici.

381 1777 454 1842 324.
478 1777 691 1843 (lauronuu
714 1801 913 1843 courunur
930 1827 937 1843 .
954 1778 1049 1864 Apud
1065 1778 1261 1844 Macrobium
1279 1777 1394 1844 Suturn.

298 1901 339 1965 vr,
359 1883 373 1944 1
400 1881 594 1967 Compensat
616 1883 783 1969 ccucplent,
807 1889 839 1948 et
860 1884 893 1948 in
916 1882 979 1948 fine
1001 1902 1114 1950 versus
1137 1884 1279 1947 cientur.

383 1983 455 2050 325.
480 1983 634 2048 Fonoon
657 2007 719 2049 nur
739 2034 746 2049 .
770 1985 924 2051 Marullus
947 2007 1001 2048 rer
1024 2033 1031 2048 .
1055 1985 1179 2071 Fulyur
1202 1984 1274 2049 ltali
1296 1989 1329 2049 et
1348 1984 1396 2048 im·

298 2087 423 2172 pressi:
447 2087 522 2150 item
545 2087 577 2150 in
592 2107 688 2152 versu
704 2087 767 2154 332
780 2087 902 2176 fulpor'
918 2087 1015 2154 iidem
1032 2093 1064 2153 et
1078 2095 1238 2152 corrector
1253 2085 1396 2169 oblongi.

383 2189 456 2254 330.
483 2190 735 2254 Tnuunrruur
762 2240 769 2254 .
800 2190 983 2270 Quadratus
1015 2191 1263 2263 Trorumr‘ttoat,
1297 2190 1397 2273 itaque

297 2291 477 2358 Macrobius
500 2293 627 2360 Saturn.
651 2313 692 2376 vr,
707 2293 739 2356 4.

382 2395 456 2461 331.
480 2415 586 2459 annis
608 2418 822 2462 uosrrnos.
846 2397 904 2462 His
927 2417 1025 2460 onon
1047 2394 1237 2462 adiecerunt
1258 2396 1352 2463 Itali.

383 2498 455 2563 337.
479 2517 595 2560 ousia
620 2519 785 2564 cousnar
803 2547 809 2562 .
826 2499 928 2566 Iidem
950 2511 1115 2565 constant.
1137 2498 1184 2564 sic
1207 2498 1291 2565 infra
1311 2517 1397 2565 versu

297 2603 360 2668 694
376 2599 573 2684 quadratus,
599 2601 759 2686 oblongus
783 2616 898 2669 constet
913 2621 1010 2686 super
1025 2600 1189 2686 adscripto
1204 2627 1246 2669 c.
1262 2602 1320 2668 sed
1335 2621 1397 2667 oum

298 2708 331 2771 in
354 2725 450 2770 versu
466 2703 529 2768 724
551 2703 623 2770 libri
647 2707 849 2772 consentiant
864 2707 897 2771 in
913 2705 1170 2789 coniunctirnm,
1187 2705 1274 2771 malo
1290 2704 1397 2788 ubique

298 2828 512 2891 oossrnnr,
535 2809 724 2891 praesertim
742 2829 813 2874 cum
829 2809 949 2894 ubique
965 2809 1069 2874 oratio
1085 2827 1106 2872 a
1121 2807 1323 2876 coniunctiro
1338 2825 1397 2874 sus·

298 2931 402 2998 pensa
425 2911 489 2975 sit.

382 3013 454 3078 342.
487 3012 685 3076 Pannrunn
715 3035 836 3078 onnus
860 3036 1043 3079 uousuou
1065 3035 1243 3086 monnone
1265 3035 1396 3078 nuruu-
1505 3019 1506 3022 ’

298 3140 363 3180 nes
386 3117 665 3186 Sensuronnou
688 3139 856 3181 rnonons
883 3139 928 3181 nr
954 3139 1075 3182 nunna
1103 3139 1275 3182 annosus
1297 3135 1396 3181 rnna·
1505 3193 1506 3196 Ἴ

299 3242 375 3293 oon
389 3271 396 3287 .
409 3219 579 3284 Praeterea
600 3226 793 3286 correctores
813 3222 1025 3306 antiquissimi
1038 3226 1070 3286 et
1082 3221 1207 3286 Nonius
1218 3241 1249 3305 p.
1264 3220 1330 3304 158,
1342 3218 1395 3283 22.
1429 3249 1433 3258 ·
1505 3233 1506 3278 l

298 3325 358 3389 hoo
379 3327 529 3402 servato,
553 3341 592 3387 ne
616 3323 701 3388 desit
719 3323 871 3409 verbum,
888 3325 986 3410 paulo
1002 3329 1163 3410 postcom
1179 3324 1314 3389 Marullo
1328 3321 1395 3387 sori·

298 3425 437 3493 bendum
461 3428 510 3488 est
531 3426 677 3508 Horum,
701 3445 765 3490 non
789 3428 928 3506 Quorum
940 3453 951 3510 ,·
972 3427 1033 3493 nisi
1057 3425 1144 3510 quod
1167 3427 1347 3507 Lueretius,
1368 3423 1393 3488 si

298 3551 369 3597 eum
393 3533 478 3592 reate
501 3529 596 3612 novi,
620 3529 727 3612 potius
743 3530 925 3615 scripsisset
940 3531 1110 3596 Praetereo
1122 3553 1224 3616 pecus
1238 3531 1393 3594 domenum

297 3647 460 3718 motusque
482 3633 622 3695 notantis
637 3633 879 3719 Squcruc'perurn
900 3633 1036 3718 pecudes
1046 3681 1055 3716 ‚
1084 3639 1211 3716 cetera,
1235 3633 1321 3698 Hace
1340 3653 1393 3696 om·

298 3740 354 3802 ruia
374 3733 547 3822 peccarim
570 3757 684 3799 sume.
711 3734 769 3798 sed
791 3733 871 3800 illud
894 3735 1065 3800 Praetereo
1088 3755 1215 3800 omnem
1237 3735 1393 3802 senteutia-

298 3859 366 3904 rum
389 3835 645 3902 coniunctionem
668 3837 816 3902 relaxat.
837 3855 912 3901 nam
935 3856 1006 3902 oum
1029 3843 1127 3922 poeta
1148 3837 1201 3902 hic
1224 3837 1334 3904 dooere
1353 3837 1394 3901 in·

299 3942 396 4026 cipiet
418 3939 526 4004 omnia
549 3959 682 4021 qnorum
710 3945 828 4005 natura
849 3958 1000 4022 magnam
1023 3941 1149 4025 copiam
1171 3942 1314 4026 proterat
1333 3955 1394 4023 spe·

200 4047 203 4056 '
299 4045 346 4109 cie
373 4051 405 4108 et
431 4041 533 4124 figura
561 4041 713 4128 differre,
744 4047 872 4128 poterat
898 4041 958 4106 hoo
985 4043 1056 4108 looo
1085 4043 1193 4110 dicere
1220 4043 1393 4128 Prsthn'o,
1504 4109 1505 4136 .

299 4167 362 4211 nou
386 4147 557 4211 Praeterea
569 4195 577 4227 ,
607 4146 693 4228 quod
716 4145 919 4229 subsequitur
941 4145 974 4209 in
997 4147 1098 4212 altero
1121 4147 1288 4232 exemplo,
1310 4161 1394 4208 versu
1504 4139 1505 4161 ¹

298 4251 382 4333 367,
417 4251 452 4311 ut
478 4248 638 4315 Postremo
667 4249 699 4314 in
727 4248 821 4314 tertio
844 4248 932 4313 371.
956 4255 990 4313 at
1018 4269 1058 4314 ne
1084 4250 1252 4337 Princapub
1278 4245 1394 4332 quidem

299 4352 395 4418 soribi
411 4351 527 4434 debet,
546 4353 718 4436 qnoniam,
736 4358 769 4416 ut
785 4351 872 4432 dixi,
889 4357 965 4416 ante
979 4349 1060 4416 illud
1076 4353 1217 4430 Quorum
1233 4353 1321 4416 deest
1333 4367 1394 4414 rer·

300 4455 393 4538 bum,
417 4453 502 4537 quod
525 4454 709 4520 necessario
731 4453 869 4539 positum
892 4453 952 4518 fuit
970 4454 1004 4518 in
1027 4455 1208 4520 sententiae
1230 4453 1331 4538 capite
1345 4498 1352 4513 .
1365 4445 1394 4512 id

299 4563 405 4621 autem
428 4555 560 4620 verbum
585 4557 674 4621 ouius
697 4556 782 4621 modi
808 4555 903 4621 tuerit
925 4555 1020 4621 facile
1043 4557 1188 4640 intellegi
1211 4561 1331 4642 potest:
1352 4569 1395 4616 re·
