3052 5144
353 440 395 502 so
892 437 936 501 m
1018 385 1032 404 ⁵

351 609 488 688 apparet
510 603 617 670 divum
639 625 755 670 numen
779 605 939 689 sedesque
962 609 1109 690 quietae,

351 737 432 800 quas
455 737 562 800 neque
584 719 767 785 oonoutiunt
790 721 874 785 venti
897 742 957 789 nee
978 724 1091 789 nubila
1111 724 1228 791 nimbis

295 851 327 898 eo
352 839 528 916 aspergunt
549 855 654 916 neque
676 835 731 898 niu
753 835 818 899 aori
840 845 987 902 eonerets
1008 837 1125 921 pruina

353 966 435 1012 eane
457 947 575 1013 cadens
596 947 696 1014 violat
717 968 905 1032 semperque
928 951 1089 1017 innubilus
1111 953 1223 1018 aether

351 1061 486 1143 integit,
504 1067 536 1125 et
558 1062 646 1144 large
669 1061 784 1128 diffuso
808 1064 928 1128 lumine
950 1065 1078 1130 rident:

354 1176 461 1239 omnia
483 1175 667 1260 suppeditat
687 1198 783 1262 porro
806 1183 940 1256 natura,
964 1199 1070 1262 neque
1093 1180 1159 1244 ulla

353 1309 406 1354 res
429 1291 527 1355 animi
551 1312 662 1376 paoem
685 1291 806 1357 delibat
828 1299 970 1376 tempore
993 1295 1025 1358 in
1048 1295 1134 1360 ullo.

297 1423 329 1470 an
355 1411 390 1468 at
411 1411 520 1470 eontra
543 1427 698 1489 nusquam
723 1415 880 1494 apparent
903 1408 1077 1476 Aobemsia
1100 1411 1241 1495 templa,

355 1539 415 1584 nee
437 1522 532 1587 tellus
555 1524 661 1588 obstat
682 1523 758 1604 quin
781 1524 887 1588 onmia
914 1523 1144 1608 dispiciantur,

355 1635 413 1698 sub
436 1637 571 1720 pedibus
594 1655 677 1718 quae
700 1657 834 1720 eumque
856 1636 940 1702 infra
961 1658 1019 1722 per
1041 1639 1138 1703 inane
1160 1647 1333 1722 gemntur.

356 1749 469 1814 nisibi
494 1769 543 1813 me
568 1749 664 1815 rebus
687 1750 847 1832 quaedam
871 1753 978 1818 divina
1000 1753 1149 1836 voluptas

355 1864 491 1948 percipit
512 1864 618 1946 adque
641 1865 874 1948 horror,q1iod
898 1867 944 1931 sio
967 1873 1079 1930 natura
1102 1873 1157 1932 tua
1179 1869 1211 1931 vi

299 1997 332 2042 ao
356 1983 419 2041 tam
443 1976 613 2043 manifesta
634 1985 750 2062 patens
774 1999 812 2044 ex
836 1981 921 2045 outni
945 1987 1035 2064 parte
1057 1986 1178 2046 retenta
1200 1988 1269 2047 est.

396 2093 435 2156 Et
459 2093 608 2174 quoniam
631 2093 745 2178 docui,
762 2101 944 2160 ouuotarum
967 2095 1100 2160 exordia
1120 2115 1225 2160 rerum

358 2207 468 2287 qualia
491 2207 554 2272 sint
577 2215 608 2272 et
630 2227 724 2290 quam
747 2209 845 2276 variis
868 2209 1021 2274 distantia
1043 2208 1154 2274 formis

358 2325 472 2404 sponte
496 2341 554 2386 sna
576 2321 707 2386 volitent
729 2329 861 2389 aeterno
884 2324 1006 2408 perella
1029 2331 1136 2400 motu,

358 2455 460 2516 quove
483 2437 578 2500 modo
601 2437 725 2522 possint
747 2455 798 2504 res
821 2459 860 2502 ex
883 2440 931 2505 bis
955 2457 1101 2522 quaeque
1123 2440 1245 2516 creari,

301 2569 334 2618 as
359 2551 456 2616 basae
479 2550 652 2616 seeundum
674 2571 725 2617 res
747 2553 844 2618 animi
868 2561 981 2618 natura
1003 2551 1126 2616 videtur

358 2672 454 2746 atque
477 2665 601 2732 animae
625 2665 778 2732 claranda
800 2668 878 2734 meis
901 2669 966 2734 iam
988 2671 1133 2734 versibus
1155 2687 1250 2752 esse,

359 2785 391 2846 et
413 2787 515 2844 metus
537 2779 591 2844 ille
614 2779 701 2846 foras
724 2801 879 2866 praeceps
904 2783 1092 2850 themntis
1113 2781 1278 2866 agendus,

358 2894 500 2959 funditus
523 2895 690 2959 humanam
716 2895 768 2976 qui
792 2895 888 2960 vitam
911 2897 1017 2962 turbat
1039 2898 1080 2962 ab
1103 2897 1188 2972 imo,

360 3009 469 3074 orrmia
491 3009 677 3074 suffundens
700 3010 808 3075 mortis
830 3011 979 3092 nigrore,
997 3031 1100 3092 neque
1122 3011 1220 3075 allam

302 3142 335 3188 to
361 3143 431 3186 esse
453 3124 646 3206 voluptatem
670 3125 823 3206 liquidam
847 3145 1020 3209 puramque
1043 3126 1211 3208 relinquit.

359 3257 431 3302 nam
456 3237 542 3320 quod
565 3258 663 3323 saepe
686 3238 831 3305 homines
854 3241 982 3306 morbos
1004 3240 1110 3322 magis
1133 3257 1204 3304 esso
1223 3237 1380 3304 timendos

361 3351 576 3435 infamemque
598 3353 705 3418 ferunt
726 3353 823 3418 vitam
847 3375 942 3438 quem
964 3357 1101 3420 Tartara
1124 3353 1197 3436 leti,

362 3473 393 3531 el
414 3487 449 3532 so
472 3466 554 3532 seire
576 3467 703 3534 animae
725 3477 870 3534 naturam
893 3469 1059 3553 sanguinis
1085 3487 1157 3533 esse
1167 3519 1178 3543 x,

304 3601 337 3648 au
363 3587 419 3645 aut
441 3582 535 3646 etiam
558 3584 664 3667 venti,
682 3584 708 3648 si
732 3582 791 3648 fert
812 3583 857 3647 ita
879 3583 962 3648 forte
984 3585 1152 3665 voluntas,

305 3717 338 3762 44
363 3716 422 3760 neo
444 3717 572 3780 prosum
597 3697 765 3779 quiequam
787 3703 916 3763 nostrae
938 3698 1069 3762 rationis
1092 3715 1209 3778 egere,

363 3811 436 3875 bino
458 3809 532 3874 lieet
553 3811 703 3876 advertas
725 3811 865 3876 animum
889 3811 993 3892 magis
1017 3809 1125 3876 omnia
1146 3809 1251 3873 laudis

306 3931 338 3990 tt
364 3923 477 3988 laetari
501 3943 596 3989 eausa
620 3946 717 4007 quam
740 3926 825 4008 quod
847 3945 899 3990 res
920 3926 993 4009 ipsa
1014 3923 1186 4009 probetur.

365 4044 508 4104 extorres
531 4039 616 4104 idem
639 4040 744 4124 patria
766 4040 925 4122 longeque
947 4037 1047 4123 fugati

368 4307 399 4354 21
415 4321 512 4370 semper
533 4303 546 4374 Η
566 4309 597 4355 22
612 4306 693 4355 ridet.
714 4302 727 4374 ΙΙ
748 4308 781 4356 28
800 4305 843 4354 ubi
864 4303 877 4372 ΙΙ
898 4307 930 4355 29
950 4305 1082 4370 signatum
1102 4301 1116 4372 ΙΙ
1136 4305 1169 4354 33
1188 4304 1286 4353 alterno
1307 4301 1320 4372 Η
1342 4303 1372 4352 89
1390 4294 1462 4347 suffen·

369 4393 432 4442 duris
452 4391 466 4462 ΙΙ
486 4398 517 4443 tt
538 4410 640 4442 earrsum
672 4426 674 4430 -
