3052 5144
601 459 634 525 Π

73 627 189 692 floribus
209 629 388 695 umbrantes
409 635 542 694 matrem
565 630 777 712 comitumque
800 634 964 696 catervas.

72 742 115 806 hic
135 751 253 808 armata
274 763 405 827 manus,
422 744 555 808 Curetas
577 743 704 808 nomine
727 743 804 808 Grai

31 875 52 920 tc
74 876 143 936 quos
164 863 335 922 memorant
353 857 532 943 Phrygios,
550 856 631 921 inter
652 877 686 921 se
710 856 791 922 sorte
814 855 900 940 quod
923 860 1021 925 armis

71 971 167 1036 ludunt
187 973 219 1037 in
241 991 465 1052 numerumque
487 971 628 1036 exultant
650 972 904 1055 sanguinolenti,

71 1087 204 1152 terrificas
226 1088 363 1170 capitum
386 1085 563 1166 quatientes
586 1085 715 1148 nomine
738 1086 871 1171 cristas,

72 1199 205 1264 Dictaeos
226 1199 366 1265 referunt
388 1199 541 1280 Curetes,
559 1198 613 1280 qui
636 1198 719 1263 lovis
742 1198 831 1263 illum

69 1313 191 1395 rugitum
212 1313 244 1377 in
266 1313 359 1378 Creta
382 1313 543 1397 quondam
567 1313 744 1378 occultasse
766 1312 928 1398 ieiunium,

29 1443 48 1488 u
68 1444 128 1488 eum
147 1427 232 1510 pueri
255 1429 372 1492 circum
393 1445 526 1511 puerum
547 1427 675 1510 pernice
698 1425 817 1491 chorea
990 1405 1001 1418 ¹

28 1555 47 1601 u
68 1541 185 1605 armatei
207 1543 238 1604 in
261 1561 426 1606 numerum
447 1541 612 1625 pulsarent
634 1541 761 1606 aeribus
783 1559 881 1618 aera,

67 1673 100 1717 ne
119 1653 269 1722 Saturnus
292 1675 365 1721 eum
387 1657 479 1720 malis
501 1655 667 1722 manderet
689 1655 824 1741 adeptus

67 1775 275 1852 aetemumquo
299 1771 392 1835 daret
414 1770 506 1834 matri
529 1769 588 1834 sub
610 1777 738 1855 pectore
760 1771 894 1836 volnus.

27 1901 50 1942 m
68 1891 217 1966 propterca
240 1905 390 1968 magnam
414 1884 524 1948 armati
549 1893 681 1948 matrem
704 1885 911 1968 comitantur,

67 2003 111 2058 ant
130 1999 198 2079 quis
220 1997 403 2080 significant
424 1999 531 2062 divam
553 1999 742 2082 praedicere
763 2007 798 2063 ut
819 2001 915 2064 armis

69 2127 99 2172 ac
116 2112 219 2210 vimptc
241 2111 343 2179 velint
365 2113 498 2196 patriam
521 2111 695 2178 defendere
716 2123 851 2190 terram,

71 2225 269 2308 praesidioque
293 2232 408 2310 parent
429 2225 600 2309 decemque
623 2229 808 2309 parentibus
831 2245 924 2293 esse.

71 2355 134 2415 quae
153 2339 230 2405 bene
249 2347 288 2422 ‚et
310 2341 425 2406 eximie
449 2343 594 2423 quamvis
616 2341 761 2426 disposta
782 2341 944 2426 serantur,

25 2467 50 2512 rs
69 2449 145 2534 longe
165 2461 236 2518 sunt
259 2459 369 2520 tamen
392 2477 412 2521 a
434 2475 510 2520 vere
531 2457 656 2522 ratione
679 2456 829 2540 repulsa.

66 2566 152 2632 omnis
172 2569 254 2633 enim
279 2589 340 2653 per
361 2590 396 2635 se
419 2569 526 2635 divom
549 2578 664 2636 natura
687 2579 849 2636 necessest

65 2674 203 2746 inmortali
225 2703 309 2749 aevo
332 2705 453 2750 summa
476 2705 547 2750 cum
569 2703 648 2770 paee
664 2684 792 2762 truatur

62 2801 167 2860 semota
188 2797 230 2863 ab
253 2799 373 2864 nostris
395 2801 488 2865 rebus
510 2802 717 2882 seiunctaque
743 2799 861 2880 longe:

63 2922 124 2970 uum
145 2912 269 2993 privata
291 2915 401 2979 dolore
423 2915 507 2978 omui
522 2966 529 2992 ‚
545 2915 670 2999 privata
690 2914 838 2999 periclis,

24 3033 43 3078 ll
62 3019 121 3102 ipsa
140 3025 204 3092 suis
226 3027 355 3112 pollens
379 3029 512 3113 opibus,
529 3031 574 3094 nil
596 3029 707 3112 indiga
728 3029 847 3102 nostri,

61 3153 110 3200 nec
129 3138 206 3206 bene
230 3142 412 3225 promeritis
434 3144 555 3228 capitur
577 3162 680 3224 neque
701 3141 840 3226 tangitur
862 3141 929 3204 ira.

60 3257 131 3316 terra
150 3257 280 3336 quidem
302 3277 379 3322 voro
401 3264 490 3322 earet
512 3259 596 3322 omni
619 3267 762 3341 tempore
784 3267 899 3332 sensu,

60 3373 84 3426 et
103 3369 174 3448 qnia
195 3372 367 3436 multarum
390 3371 506 3454 potitur
527 3371 702 3456 primordia
723 3390 848 3454 rerum,

59 3481 144 3545 multa
165 3483 269 3550 modis
292 3486 398 3550 multis
420 3487 514 3552 effert
534 3487 567 3550 in
590 3487 709 3550 lumina
731 3485 829 3551 solis.

24 3605 40 3650 c
60 3590 102 3656 hie
121 3597 218 3679 siquis
240 3618 329 3664 mare
350 3599 533 3684 Neptunum
557 3603 769 3682 Cereremque
791 3617 906 3664 vocare

59 3711 204 3776 constitnit
225 3712 336 3796 fruges
359 3720 391 3778 et
412 3714 532 3780 Bacchi
554 3717 681 3780 nomine
703 3714 790 3779 abuti

58 3825 161 3889 mavolt
182 3847 280 3908 quem
303 3827 406 3894 laticis
427 3830 590 3912 proprium
612 3827 756 3913 proferre
779 3847 954 3904 vocamen,

58 3939 256 4006 concedamus
279 3947 312 4006 nt
334 3941 386 4006 lnic
407 3949 561 4006 terrarum
585 3942 707 4008 dictitet
728 3943 837 4006 orbem

59 4063 119 4114 esse
140 4051 234 4118 deum
257 4062 409 4139 matrem,
426 4055 502 4120 dum
525 4077 601 4122 vera
621 4076 655 4121 re
675 4061 782 4122 temen
803 4057 873 4140 ipse

59 4209 245 4230 *m*-

62 4311 104 4364 628
120 4329 234 4370 ωιτη.
254 4317 267 4390 ΙΙ
288 4324 340 4372 636
358 4321 423 4373 forte
441 4333 569 4374 eeterrss.
590 4323 604 4391 Η
624 4325 671 4374 661
692 4323 816 4388 sangnine
834 4321 902 4374 deti.
922 4319 936 4390 Η
956 4320 1128 4372 caecumine
1147 4319 1161 4390 ΙΙ

62 4401 104 4458 iili
120 4408 207 4458 Armet
225 4419 250 4460 et
268 4411 294 4460 in
313 4427 444 4461 numerum
462 4413 564 4475 pernice
576 4411 684 4462 chorea.
705 4409 718 4480 ΙΙ
739 4413 788 4462 667
807 4413 898 4462 Annas
917 4409 930 4478 Η
951 4411 1001 4460 666
1020 4410 1164 4462 constituet
