2996 5148
538 441 565 504 V

25 635 71 678 tam
93 613 171 694 quod
193 612 286 678 adest
308 621 456 698 praesto,
473 613 532 678 uisi
557 612 631 694 quid
655 611 862 696 eognovimus
885 621 960 676 ante

25 729 141 810 nudus,
157 727 189 792 in
211 727 321 814 primis
342 729 449 812 planet
472 735 503 794 et
526 731 648 814 poliere
671 729 817 810 videtur,

25 845 208 926 rosteriorque
230 843 296 910 iere
320 844 431 909 melior
453 863 505 908 res
527 846 583 909 iila
606 821 732 929 reperta

25 957 98 1022 terdit
118 965 147 1023 et
168 959 315 1030 immutat
337 977 452 1024 sensus
474 962 515 1024 ad
537 959 674 1045 pristina
697 977 864 1040 quaeque.

25 1073 50 1136 io
68 1073 163 1138 odium
185 1075 292 1158 eoepit
314 1075 463 1158 glandis,
481 1075 527 1140 sio
550 1075 606 1138 ilia
629 1074 740 1140 relieta

25 1195 93 1250 trata
112 1189 224 1252 cubitia
247 1197 322 1252 suut
344 1189 452 1255 herbis
474 1197 507 1255 et
528 1189 696 1254 frondibus
720 1197 833 1254 auoto.

25 1301 88 1368 tellis
108 1303 176 1366 item
200 1302 317 1370 eeeidit
338 1305 435 1370 vestis
457 1310 640 1389 contempta
661 1304 805 1380 ferinae;

25 1435 90 1496 tuam
110 1437 178 1482 reor
199 1418 324 1484 invidia
346 1419 400 1484 tuli
423 1427 497 1484 tuno
519 1439 591 1486 esse
613 1425 793 1505 repertam,

25 1541 43 1594 rt
61 1533 140 1596 letum
164 1533 291 1599 insidiis
314 1535 369 1616 qui
390 1536 490 1619 gessit
512 1537 631 1618 primus
655 1535 778 1618 obiret,

25 1655 39 1710 tt
56 1653 147 1714 tamen
168 1649 251 1714 inter
276 1667 333 1715 eos
355 1647 541 1716 distractam
566 1651 721 1734 sauguine
744 1651 842 1716 multo

25 1759 171 1845 iisperiisse
191 1784 300 1847 neque
323 1765 354 1828 in
378 1763 513 1831 fructum
538 1773 723 1830 convertere
746 1765 874 1846 quisse.

25 1895 72 1941 une
90 1877 176 1960 igitur
199 1881 324 1964 pelles,
341 1900 425 1945 nuno
447 1901 560 1946 aurum
584 1888 614 1945 et
637 1899 777 1964 purpura
800 1880 884 1944 euris

25 2002 135 2058 trement
156 1994 323 2060 hominum
345 1997 445 2061 vitam
468 1996 619 2078 belloque
641 1995 794 2079 fatigant3

25 2125 66 2186 nuo
84 2109 178 2194 magis
199 2111 232 2176 in
256 2111 372 2194 nobis,
389 2119 423 2175 ut
445 2111 577 2194 opinor,
595 2111 690 2196 eulpa
713 2111 850 2176 resedit.

26 2217 93 2302 frigus
112 2225 190 2290 enim
216 2226 323 2292 nudos
346 2227 415 2292 sine
437 2225 577 2312 pellibus
600 2227 804 2292 exerueiabat

30 2339 186 2420 terrigenas:
203 2351 238 2408 at
261 2361 323 2408 nos
344 2343 389 2408 nii
413 2341 512 2407 laedit
533 2348 623 2407 veste
646 2361 756 2406 earere

28 2469 146 2536 purpurea
168 2465 268 2540 atque
293 2478 368 2523 auro
392 2457 557 2540 signisque
579 2457 763 2540 ingentibus
786 2463 882 2540 apta,

26 2563 74 2630 dnn
91 2573 207 2656 plebeia
236 2579 348 2638 tamen
371 2572 431 2650 sit,
449 2593 530 2656 quae
553 2572 728 2638 defendere
750 2572 873 2657 possit.

26 2701 77 2766 ergo
95 2688 252 2754 bominum
276 2709 379 2772 genus
401 2689 433 2752 in
457 2707 583 2754 oassum
604 2686 787 2770 frustraque
809 2685 935 2750 laborat

26 2815 117 2884 temper
137 2811 166 2868 et
186 2805 221 2870 in
244 2803 332 2870 euris
354 2804 510 2869 eonsumit
533 2803 682 2866 inanibus
706 2821 841 2876 aevom,

27 2913 41 2974 ri
59 2918 173 2996 mmm,
189 2921 271 3004 quia
293 2939 356 2986 non
381 2915 531 3005 eo'gnovit
553 2938 636 3002 quae
659 2918 700 2982 sit
722 2915 861 2981 habendi

27 3023 71 3096 iuis
89 3041 116 3098 et
136 3037 267 3102 omuino
290 3057 354 3120 quo
377 3036 419 3102 ad
442 3043 565 3102 creseat
586 3053 663 3098 vera
684 3033 851 3117 voluptas:
877 3077 883 3088 .

28 3141 90 3226 dque
110 3151 286 3218 minutatim
309 3151 403 3216 vitam
426 3149 573 3236 provexit
595 3151 627 3213 iu
650 3149 751 3214 altum

28 3266 43 3320 tt
60 3261 122 3329 beili
143 3287 281 3351 magnos
303 3267 472 3332 commovit
495 3265 637 3331 funditus
660 3262 809 3350 aestus]

48 3377 206 3464 strigiles
229 3381 342 3446 mundi
364 3401 512 3467 magnum
536 3379 684 3448 versatili’
707 3379 858 3463 templum

28 3490 57 3552 rol
75 3501 100 3556 et
120 3495 192 3562 luno
214 3516 276 3564 suo
300 3496 470 3562 lustrantes
494 3497 611 3562 lumine
635 3495 752 3562 eiroum

29 3607 186 3682 terdoeuere
208 3611 357 3676 homines
379 3631 536 3675 annorum
559 3619 705 3696 tempora
726 3609 806 3675 verti

29 3726 44 3778 tt
62 3729 134 3790 terta
154 3727 280 3791 ratione
304 3725 373 3806 geri
396 3747 464 3792 rem
488 3733 584 3810 atque
607 3726 718 3791 ordine
741 3731 849 3790 nerto.

54 3835 106 3902 lam
127 3841 241 3908 validis
265 3843 367 3926 saepti
391 3843 552 3924 degebant
574 3841 714 3906 turribus
737 3859 871 3916 aevom,

30 3957 47 4006 n
61 3949 150 4020 divisa
171 3956 337 4022 eolebatur
360 3957 561 4040 discretaque
584 3957 700 4040 tellus,

30 4221 76 4272 1116
88 4227 165 4293 sigilla
185 4227 198 4302 ΙΙ
221 4232 288 4280 1418
302 4228 399 4280 serina.
415 4225 428 4296 ΙΙ
451 4231 516 4278 1419
530 4245 596 4279 nunc
618 4227 631 4297 ΙΙ
652 4229 718 4278 1425
732 4229 776 4277 ina
796 4225 809 4294 Η
832 4229 897 4276 1429
910 4225 1010 4290 plebeia
1024 4223 1037 4292 Η
1054 4227 1117 4276 1431

31 4305 45 4354 in
59 4316 183 4367 omissum.
205 4315 217 4386 ΙΙ
241 4319 308 4368 1436
327 4317 443 4370 versatile
463 4315 476 4384 Η
500 4321 566 4390 1440
586 4317 694 4384 degebat
714 4313 727 4384 Η
750 4319 814 4366 1441
836 4316 1009 4380 disceretuque
