3020 5146
549 478 576 540 V

37 667 70 710 :ec
91 648 186 712 minus
209 649 241 713 in
265 657 349 714 certo
373 648 484 716 dentes
508 649 624 713 cadere
646 648 783 732 imporat
804 655 895 713 aetas

37 783 142 846 empore
164 770 194 828 et
216 764 368 848 inpubem
390 763 479 827 molli
502 763 677 848 pubescere
699 769 788 828 veste

37 879 169 961 tpariter
190 879 319 944 mollem
343 879 435 944 malis
457 878 622 944 demittere
645 878 800 942 barbam:

37 993 132 1056 nlnrina
153 999 334 1077 postremo,
351 993 405 1056 nix
419 1045 426 1071 ‚
442 993 580 1076 imbres,
597 992 726 1075 nubila,
744 992 851 1076 venti,

37 1129 73 1172 ron
91 1108 177 1174 nimis
200 1108 329 1174 incertis
351 1108 431 1172 liunt
453 1109 483 1172 in
508 1107 651 1192 partibus
674 1107 772 1171 anni.

37 1241 136 1304 lantque
157 1223 208 1288 ubi
234 1223 282 1288 sic
306 1223 432 1287 suerunt
453 1243 622 1288 causarum
649 1221 782 1288 exordia
804 1221 907 1304 primo

37 1343 101 1418 tque
119 1338 159 1402 ita
180 1358 232 1404 res
255 1338 365 1403 mundi
389 1339 532 1404 cecidere
555 1338 597 1404 ah
621 1336 745 1420 origine
767 1335 890 1420 prima,

37 1459 157 1534 clusoque·
179 1472 308 1534 quoque
331 1454 393 1517 iam
418 1453 553 1519 redeunt
576 1471 617 1518 ex
640 1451 752 1516 ordine
775 1457 881 1516 certo.

58 1567 190 1633 Crescere
211 1567 352 1650 itemque
376 1567 445 1633 dics
466 1569 540 1634 licet
563 1573 595 1632 et
616 1566 782 1631 tabescere
804 1571 934 1638 noctes,

37 1685 50 1742 t
67 1680 150 1745 minui
172 1681 282 1768 luces,
302 1703 372 1748 cum
396 1689 522 1748 sumant
545 1681 696 1765 augurina
716 1687 847 1756 noctes,

37 1803 66 1856 nt
85 1797 150 1877 quia
170 1799 219 1864 sol
242 1798 329 1864 idern
353 1798 412 1862 sub
435 1805 538 1864 terras
560 1805 656 1880 atque
680 1815 814 1880 superne

37 1911 172 1992 operibus
195 1933 330 1980 currens
353 1911 563 1979 amfractibus
586 1911 723 1977 aetheris
747 1931 822 1976 oras

37 2025 99 2088 nrtit
118 2035 145 2091 et
165 2028 197 2092 in
219 2029 328 2114 partis
351 2049 414 2094 non
438 2049 561 2112 aequas
584 2027 697 2093 dividit
720 2027 849 2109 orbem,

37 2143 55 2198 rt
71 2141 141 2219 quod
161 2143 202 2208 ab
226 2145 387 2209 alterutra
408 2144 547 2210 detraxit
569 2150 679 2228 parte,
696 2141 824 2226 reponit

38 2251 83 2316 eius
98 2256 124 2320 in
145 2257 286 2324 adversa
307 2265 396 2323 tanto
418 2260 490 2344 plus
513 2266 604 2344 parte
628 2257 768 2338 relatus,

39 2363 110 2434 donee
126 2375 165 2437 ad
188 2375 220 2438 id
245 2375 376 2456 signnm
400 2376 481 2440 caeli
506 2373 665 2458 pervenit,
682 2371 736 2436 ubi
760 2370 835 2434 anni

38 2480 108 2549 nodus
126 2495 299 2554 nocturnas
322 2495 483 2571 exaequat
505 2488 630 2553 lucibus
653 2487 804 2552 umbras:

38 2611 85 2658 ran
103 2601 199 2668 medio
224 2623 323 2669 cursu
345 2603 437 2669 flatos
461 2603 622 2685 aquilonis
645 2607 676 2666 ot
700 2599 801 2666 austri

38 2707 148 2794 liniret,
164 2723 307 2802 aequato
331 2719 453 2784 caelum
478 2718 661 2783 discrimine
683 2723 829 2790 metans,

38 2833 133 2908 lflpter
152 2832 301 2916 signiferi
324 2833 500 2916 posituram
524 2833 619 2898 totius
643 2831 730 2896 orbis

39 2935 126 3022 rbliqui
139 2995 146 3020 ,
161 2953 263 3012 terras
289 2955 321 3011 et
343 2947 469 3012 caelum
493 2945 610 3011 lumine
633 2945 772 3009 lustrans

39 3069 117 3120 tunna
136 3055 181 3124 sol
204 3061 237 3125 in
262 3080 327 3142 quo
351 3059 512 3126 concludit
534 3067 677 3143 tempora
701 3075 854 3141 serpens,

39 3174 58 3226 rt
75 3171 141 3235 ratio
163 3173 309 3239 declarat
333 3195 439 3238 eorum
464 3175 516 3257 qui
540 3175 612 3239 loca
635 3172 715 3238 caeli

40 3283 116 3347 rnuia
136 3286 301 3373 dispositis
324 3289 424 3372 signis
447 3295 559 3354 ornata
581 3291 751 3352 notarunt.

40 3401 71 3456 ut
89 3401 156 3478 quia
177 3404 318 3468 crassior
341 3410 390 3468 est
412 3403 506 3468 certis
529 3402 561 3465 in
585 3401 728 3485 partibus
751 3407 827 3482 a'e‘r,

40 3509 75 3571 tub
94 3517 176 3580 terris
198 3517 274 3582 ideo
298 3517 469 3582 tremulum
492 3515 584 3580 iubar
605 3515 743 3579 haesitat
764 3514 850 3596 iguis

41 3639 78 3686 nc
96 3637 255 3710 penetrare
279 3637 384 3715 potest
409 3629 505 3696 facile
529 3637 624 3714 atque
650 3647 817 3711 emergere
840 3625 882 3692 ad
907 3631 1014 3688 onus:

41 3747 173 3820 ropterea
194 3751 306 3810 noctes
330 3744 463 3810 hiberno
487 3751 631 3829 ternpore
655 3745 774 3828 longae

41 3863 151 3939 cessant,
168 3857 241 3922 dum
265 3861 375 3924 veniat
397 3858 557 3924 radiatum
580 3859 706 3942 insigne
730 3857 815 3921 diei.

42 3973 74 4024 rut
92 3970 198 4056 etiam,
215 3972 291 4054 quia
313 3975 359 4038 sic
382 3973 514 4038 alternis
537 3972 683 4056 partibus
706 3971 781 4034 anni

42 4080 130 4147 ardius
150 4093 181 4150 et
203 4087 297 4152 eitius
319 4093 511 4154 consuerunt
532 4085 691 4153 confluere
714 4085 825 4169 ignes,

43 4343 73 4392 '’i-'r
90 4349 199 4406 Flumina
217 4369 346 4422 postremo
367 4358 382 4428 ΙΙ
402 4363 451 4410 679
471 4359 631 4421 Conseqniae
652 4359 665 4424 ΙΙ
685 4372 767 4406 rorum
788 4355 801 4424 ll
828 4359 878 4405 ota
897 4373 910 4406 e
930 4356 955 4404 in
976 4355 990 4424 Η
1010 4359 1060 4405 690
1079 4371 1131 4405 me-

43 4448 77 4480 m,
95 4435 105 4502 Γ
125 4443 171 4492 693
190 4445 302 4509 Obliquo
324 4443 336 4514 ll
357 4447 405 4495 obt
426 4445 541 4495 contudit
554 4443 574 4513 Η
597 4447 646 4494 700
665 4444 735 4493 dici.

868 4539 932 4607 12*
