2996 5148
503 473 547 538 VI

27 651 68 708 mt
85 647 168 710 etiam
188 623 319 712 sonitum
341 647 441 732 patuli
465 665 561 730 snper
583 665 726 728 aequora
747 645 877 730 mundi,

27 761 128 825 ubusns
148 767 179 825 ut
200 762 356 844 quondam
377 762 504 843 magnis
526 761 649 826 intenta
669 761 801 827 theatris

27 883 50 938 at
66 877 200 961 crepitum
220 877 321 942 malos
343 878 424 943 inter
445 877 563 941 iactata
584 876 775 958 trabesque,

27 997 69 1054 rter
87 991 150 1055 dum
171 993 326 1080 perscissa
348 991 424 1058 furit
446 991 662 1076 petulantibus
685 991 773 1056 auris

27 1103 147 1189 tingilis
167 1107 284 1173 sonitus
306 1107 486 1172 chartarum
508 1103 772 1172 commoditatur:

27 1217 154 1303 iquoque
175 1222 255 1286 enim
277 1241 379 1306 genus
401 1222 435 1286 iu
456 1221 573 1286 tonitru
595 1231 791 1306 cognoscere
812 1221 939 1306 possis,

27 1345 50 1398 ut
66 1337 107 1400 nbi
127 1357 308 1422 suspensam
331 1345 452 1403 vestem
475 1337 643 1402 obertasve
665 1335 803 1402 volantis

27 1450 156 1517 erberibus
176 1451 259 1518 venti
281 1456 412 1518 versant
434 1451 653 1534 planguntque
675 1469 734 1535 per
756 1469 874 1516 aures.

27 1571 153 1648 tquoqne
174 1568 255 1632 euim
278 1567 361 1632 inter
383 1567 458 1632 dum
480 1573 515 1630 ut
537 1587 600 1632 non
623 1575 687 1632 tam
711 1585 898 1632 concurrere
921 1568 1023 1634 nubes

27 1679 125 1746 ontibus
144 1681 287 1749 adversis
307 1683 431 1766 possint
453 1701 550 1764 quam
574 1680 613 1745 de
636 1681 736 1746 latere
759 1681 806 1748 ire

27 1791 101 1860 nero
121 1805 198 1862 motu
219 1797 375 1864 radentes
397 1817 532 1882 corpora
555 1795 701 1872 tractim,

27 1907 87 1974 idus
105 1912 180 1976 unde
202 1913 292 1978 auris
314 1918 416 1995 terget
437 1929 535 1976 sonus
558 1911 610 1976 ille
633 1911 752 1993 diuque

27 2023 116 2108 nour,
131 2027 271 2093 exierunt
295 2027 397 2093 donec
419 2026 604 2120 regionibus
625 2026 723 2092 artis.

39 2137 86 2204 llor
103 2142 192 2206 etiam
213 2149 311 2227 pacto
334 2141 452 2208 tonitru
475 2161 632 2208 concussa
655 2141 801 2206 videntur

27 2253 85 2318 ›mia
100 2275 191 2341 saepe
213 2257 307 2342 gravi
329 2262 466 2322 tremere
490 2265 521 2320 et
542 2257 669 2324 divolsa
691 2263 824 2342 repente

27 2365 111 2434 narina
131 2373 307 2438 dissiluisse
331 2372 459 2456 capacis
481 2373 609 2437 moenia
631 2372 761 2455 mundi,

27 2495 63 2541 nn
77 2487 162 2551 subito
184 2487 287 2553 subdi
310 2488 398 2554 renti
422 2489 567 2554 conlecta
588 2487 732 2574 procella

27 2593 110 2664 ubibns
127 2601 248 2668 intorsit
271 2621 366 2684 sese,
383 2602 597 2685 conclusaque
621 2602 740 2668 ibidem

28 2707 99 2776 nbiuc
117 2719 252 2783 versanti
277 2717 381 2799 magis
404 2735 444 2782 ac
466 2716 569 2797 magis
592 2717 733 2800 undique
757 2719 871 2784 nubem

28 2825 68 2905 ugit
85 2829 120 2893 uti
140 2830 191 2896 liat
212 2833 321 2917 spisso
345 2851 427 2898 cava
449 2851 583 2915 corpore
605 2833 742 2908 circum,

28 2947 58 2998 on
75 2943 117 3006 ubi
138 2947 312 3012 conminuit
333 2947 380 3011 vis
402 2945 471 3011 sius
494 2955 525 3010 et
546 2947 684 3030 impetus
706 2965 801 3028 acer,

28 3067 52 3112 lu
69 3061 284 3147 perterricrepo
307 3061 412 3126 sonitu
435 3059 492 3126 dot
514 3059 589 3124 fissa
611 3058 795 3144 fragorem.

29 3181 50 3228 tc
67 3172 161 3240 mirum
175 3227 182 3252 ,
198 3197 270 3242 cum
296 3176 391 3259 plena
414 3176 541 3240 animae
565 3174 727 3240 vensicula
749 3193 851 3258 parva

29 3295 76 3362 irps
95 3287 141 3354 det
161 3290 237 3356 bant
258 3311 395 3376 parvum
417 3291 554 3356 sonitum
577 3289 721 3372 displosa
743 3295 894 3371 repente.

35 3395 75 3462 Est
94 3405 178 3470 eliam
202 3407 287 3471 ratio
302 3457 310 3482 ‚
327 3425 397 3470 curn
420 3405 504 3470 venti
528 3403 640 3470 nubila
662 3403 818 3488 perflent,

29 3517 144 3585 leonitas
165 3520 306 3586 faciant:
322 3521 438 3584 etenim
462 3539 590 3584 ramosa
612 3519 755 3584 videmus

29 3623 86 3694 ubila
104 3655 195 3720 saepo
220 3635 325 3702 modis
348 3635 454 3700 multis
477 3641 572 3715 atquo
596 3651 711 3716 aspere
734 3633 831 3709 ferri;

30 3737 112 3822 ilicet,
127 3759 177 3826 ut,
194 3751 341 3818 crebram
365 3749 477 3815 silvam
501 3769 571 3814 oum
595 3748 725 3814 flamina
748 3749 833 3814 cauri

30 3855 123 3944 erton,
140 3865 215 3930 dant
237 3867 376 3931 sonitum
401 3863 532 3930 frondes
555 3865 697 3946 ramique
720 3862 900 3948 fragorem.

57 4055 168 4072 ¹·——-

30 4181 125 4241 ivnnnos
148 4195 160 4260 ΙΙ
182 4199 230 4244 111
251 4195 423 4259 petuiantibus
443 4191 456 4260 Η
479 4197 527 4244 112
547 4193 644 4244 sonitus
663 4195 801 4246 cormeum.
824 4193 836 4262 ll
857 4193 988 4246 cbatamm
1009 4193 1021 4264 Η
1044 4199 1092 4246 114

31 4281 125 4338 suumne
147 4277 160 4348 ΙΙ
185 4285 235 4332 116
254 4283 424 4346 plaguentque
448 4278 462 4348 Ι)
490 4285 538 4332 116
558 4291 586 4332 ut
604 4285 744 4334 omissum.
765 4279 778 4350 ΙΙ
806 4285 855 4334 118
874 4299 979 4347 corpore
1004 4281 1017 4350 ΙΙ
1044 4287 1092 4334 120

31 4372 93 4410 *isliu
115 4377 127 4432 p
149 4371 196 4418 122
215 4379 337 4420 teremere
357 4367 370 4438 ΙΙ
393 4371 442 4418 124
461 4369 618 4420 concollecta
638 4365 652 4436 Η
674 4371 722 4420 126
742 4379 855 4420 versante
881 4375 893 4437 ΙΙ
917 4371 964 4420 129
983 4372 1060 4420 missu
1079 4371 1093 4438 Η

31 4447 43 4490 ²1
60 4453 128 4515 osope
146 4449 182 4504 itai
199 4457 244 4506 dat
261 4473 365 4522 parvum
386 4454 399 4524 ΙΙ
422 4461 469 4506 132
489 4457 611 4522 perfiant.
633 4455 646 4525 ll
669 4459 717 4506 166
737 4457 849 4508 Periisnt

853 4559 892 4622 14
