3020 5146
358 449 418 514 134
888 441 946 506 1111

356 637 450 680 unam
468 635 543 678 eum
568 613 693 678 iaceres
707 638 714 676 :
730 612 777 678 ita
800 611 899 678 eolles
922 611 1057 677 collibus
1077 612 1140 696 ipsi

356 731 455 796 verba
478 729 679 812 repulsantes
701 728 861 792 iterabant
883 725 980 792 docta
1002 721 1134 792 referri.

281 869 331 913 500
357 845 438 910 haec
460 845 531 908 loca
555 843 742 926 capripedes
767 851 892 927 satyros
913 841 1137 926 nymphasque
1159 850 1271 908 tenere

358 959 482 1024 finitimi
505 959 648 1040 fingunt,
665 963 696 1019 01
717 955 831 1020 faunos
853 975 924 1020 esse
947 956 1113 1038 locuntur,

358 1093 491 1156 quorum
514 1072 684 1152 noctivago
707 1071 841 1154 strepitu
862 1070 1001 1152 ludoque
1024 1071 1139 1136 iocanti

358 1189 528 1252 adfirmant
550 1185 645 1268 volgo
668 1186 825 1250 taciturna
848 1185 978 1251 silentia
999 1185 1124 1270 rumpi,

359 1301 613 1382 chordarumque
636 1319 734 1366 sonos
756 1299 845 1382 fieri,
862 1299 1031 1382 dulcisque
1053 1301 1236 1385 querellas,

284 1440 333 1484 505
360 1417 439 1480 tibia
463 1435 544 1496 quas
567 1413 671 1478 fundit
695 1414 804 1498 digitis
826 1415 956 1497 pulsata
978 1421 1168 1498 canentum,

358 1539 390 1596 et
411 1550 515 1613 genus
537 1529 712 1610 agricolum
735 1530 801 1594 late
824 1530 1014 1615 sentiscere,
1031 1551 1124 1613 quoru
1147 1529 1220 1594 Pan

358 1646 456 1730 pinea
479 1643 619 1709 semiferi
643 1643 758 1726 capitis
780 1645 940 1710 velamina
962 1665 1122 1726 quassans
1179 1715 1188 1734 ,

359 1781 440 1825 rrnco
464 1779 560 1842 saepe
583 1758 674 1822 labro
698 1759 840 1824 calamos
863 1759 1020 1843 percurrit
1041 1759 1178 1844 hiantis,

362 1875 469 1939 fistula
492 1873 668 1938 silvestrem
692 1892 735 1938 ne
757 1881 862 1939 000001
884 1873 1018 1940 fundere
1042 1893 1186 1941 musam.

286 2011 336 2056 550
361 1996 469 2054 cetera
491 1989 532 2054 de
555 2006 672 2071 genere
695 1987 756 2053 hoe
778 1996 920 2054 monstra
941 2009 979 2054 ac
1000 1997 1148 2074 portenta
1171 1991 1377 2073 loquuntur,

342 2124 401 2184 ,ne
424 2103 646 2168 100051000510
669 2103 710 2166 ab
733 2101 815 2168 divis
838 2123 965 2186 quoque
988 2104 1071 2169 forto
1093 2111 1245 2188 putentur

358 2219 428 2284 sola
450 2225 579 2282 tenere.
597 2217 670 2281 ideo
694 2217 814 2281 iactant
836 2218 992 2282 miracula
1014 2218 1127 2304 dietis,

358 2339 414 2397 aut
436 2333 547 2414 aliqua
569 2332 692 2396 ratione
715 2332 781 2396 alia
803 2331 982 2416 ducuntur,
1000 2341 1034 2397 ut
1055 2355 1149 2400 omne
1271 2323 1325 2408 Ο

360 2448 532 2512 humanum
555 2467 657 2530 genus
679 2455 728 2512 est
750 2447 880 2512 avidum
903 2448 988 2512 nimi'
1012 2449 1236 2515 miraclorum.

285 2583 335 2630 505
403 2561 497 2640 erorl
520 2582 615 2646 super
637 2569 704 2638 001,
722 2584 785 2628 non
809 2571 858 2628 est
880 2563 1060 2628 mirandum
1083 2585 1146 2646 qua
1169 2566 1320 2644 ratione,

362 2697 418 2761 per
440 2678 512 2741 1000
535 2696 617 2760 quae
640 2685 803 2758 nequeunt
825 2679 908 2743 oculi
932 2697 982 2742 res
1004 2697 1134 2743 cernere
1157 2689 1314 2768 apertas,

364 2792 445 2858 haec
467 2793 539 2858 loca
562 2813 619 2876 per
640 2811 737 2857 voees
759 2792 892 2858 veniant
913 2793 1064 2876 aurisque
1087 2793 1268 2876 1000000551,

359 2909 561 2992 conloquium
585 2907 702 2972 clausis
725 2907 847 2972 foribus
870 2928 998 2991 quoqne
1020 2927 1119 2992 saepe
1141 2910 1194 2974 ubi
1217 2909 1363 2998 51055555ος

360 3023 392 3086 51
411 3025 550 3102 Ι5551555555,
568 3023 644 3105 quia
668 3041 729 3085 vox
752 3041 810 3104 per
832 3022 917 3086 flexa
939 3023 1098 3086 foramina
1119 3043 1224 3088 rerum

286 3160 336 3204 eoo
362 3138 529 3202 incolumis
552 3138 690 3202 transire
712 3137 1215 3220 5501001,015555100505055510515

361 3251 605 3336 perscinduntur
628 3251 732 3334 enim,
750 3251 810 3315 nisi
834 3255 923 3316 recta
945 3251 1104 3318 foramina
1126 3259 1278 3332 1050050051,

362 3366 470 3446 qualia
492 3373 566 3449 sunt
587 3365 700 3448 vitrei,
717 3365 843 3449 species
865 3385 929 3446 qua
950 3367 1088 3432 travolat
1110 3369 1235 3434 omnis.

360 3485 528 3563 praeterea
551 3479 650 3562 partis
672 3480 704 3544 in
728 3487 860 3544 cunctas
882 3479 1034 3545 dividitur
1055 3503 1138 3566 vox,

360 3615 401 3658 ex
423 3593 496 3657 aliis
519 3593 605 3656 aliae
629 3593 778 3675 quoniam
804 3593 997 3678 gignuntur,
1014 3595 1070 3659 ubi
1092 3617 1157 3660 una

285 3730 334 3776 005
360 3707 498 3773 dissiluit
521 3707 620 3772 semel
643 3707 675 3770 in
697 3706 816 3770 multas
839 3715 970 3792 exorta,
988 3711 1080 3791 qussi
1102 3696 1186 3796 ignis

360 3839 458 3904 saepe
481 3821 563 3886 00101
585 3821 724 3886 scintilla
745 3839 819 3886 suos
842 3839 877 3885 00
900 3841 1052 3904 sporgere
1073 3823 1106 3888 in
1129 3825 1236 3907 ignis.

361 3955 436 4020 ergo
459 3935 623 4018 replentur
644 3936 718 4002 loca
740 3933 892 4013 vocibus,
910 3935 1023 4000 abdita
1041 3945 1126 4002 retro

363 4240 413 4286 519
433 4239 501 4287 dictu
526 4235 538 4305 ll
564 4241 611 4286 1581
635 4237 723 4286 saunas
748 4237 761 4302 11
787 4237 970 4286 trituranti.
996 4235 1009 4303 Η
1035 4240 1084 4286 581
1105 4237 1231 4287 ullamina
1256 4237 1270 4308 ΙΙ
1297 4245 1351 4292 590
1373 4247 1462 4296 Petere

363 4328 413 4374 594
432 4325 620 4386 auricularum.
641 4327 654 4389 ΙΙ
676 4314 726 4374 598
739 4339 813 4389 saepe
826 4323 954 4376 5151055500.
976 4321 990 4394 Η
1010 4327 1061 4374 600
1079 4333 1233 4376 renuerant.
1255 4325 1270 4394 ΙΙ
1292 4331 1344 4378 603
1366 4345 1461 4381 cuneta

363 4415 413 4459 51111
434 4411 527 4460 55151550.
