2996 5148
320 387 360 450 14
777 409 958 453 6666666666

317 558 433 643 sophia
460 557 655 643 explicanda
682 577 761 625 saue
789 558 949 644 diligens,
979 559 1037 626 sed
1059 561 1188 646 linguae
1210 563 1336 629 Latinae
1354 564 1401 628 im·

316 661 530 746 peritissimus
546 707 554 724 .
571 660 666 726 61111)
682 661 895 727 1661166616
908 681 994 728 6666
1013 663 1198 731 1712166166
1213 665 1286 731 mihi
1302 665 1403 731 adhoc

316 784 412 829 unum
435 763 523 830 utilis
546 762 625 848 fuit,
651 768 687 828 61
708 762 831 846 aliquot
851 763 1112 832 emendationum
1135 775 1278 834 auctores
1299 767 1402 852 primos
1479 779 1480 824 3

316 884 543 950 cognoscerem
568 885 701 949 .neqne
733 866 892 949 sigeberti
922 869 1152 956 Haocreampo‘·
1169 869 1234 937 duo
1260 871 1404 936 volumina
1479 911 1480 940 r

316 968 467 1053 Lugduni
483 969 679 1034 Batavorum
694 987 780 1034 anno
797 969 1065 1038 1116616616
1086 973 1185 1039 laude
1206 973 1304 1056 digna
1322 978 1403 1038 snnt:

316 1091 392 1139 nam
415 1090 519 1155 neque
541 1071 613 1157 ipse
634 1077 691 1136 aut
713 1070 915 1138 emendando
931 1081 987 1140 aut
1007 1076 1247 1160 interpretando
1269 1095 1405 1141 memora·
1479 1069 1480 1080 ’

317 1176 382 1240 bile
404 1174 575 1258 quiequam
598 1173 725 1254 effecit,
749 1191 854 1256 neque
876 1195 917 1241 66
938 1197 1024 1262 quae
1045 1179 1170 1262 priores
1190 1183 1322 1262 egerant
1333 1183 1406 1242 reete

317 1286 440 1344 etcum
463 1296 541 1342 cura
563 1275 722 1361 disposita
745 1276 908 1361 exhibuit,
932 1299 1037 1364 neque
1059 1281 1093 1345 in
1108 1280 1312 1347 Leidensinm
1334 1278 1405 1344 codi-

316 1401 386 1446 cum
406 1381 595 1446 auctoritate
614 1377 817 1444 testificanda
835 1380 903 1445 6116
925 1379 989 1448 116
1011 1389 1066 1448 661
1088 1383 1234 1450 sollertia
1254 1403 1328 1450 6666
1348 1387 1406 1448 cst.
1479 1391 1480 1420 ³

315 1484 374 1551 661
399 1483 653 1567 Havsrcampum
683 1481 813 1565 quidem
838 1483 925 1548 omni
953 1489 1098 1570 tempore
1125 1505 1238 1553 omnes
1265 1493 1406 1568 contemp

315 1591 447 1652 serunt:
465 1585 610 1651 Gilberto
620 1583 820 1669 'Wokpieldo
836 1584 922 1650 unde
938 1587 1139 1671 praeclaram
1157 1588 1321 1672 quandam
1331 1583 1406 1672 apud
1479 1589 1480 1660 1

316 1687 495 1754 Germanos
511 1685 779 1756 existimationem
795 1688 971 1754 accessisse
986 1688 1090 1756 dicam
1107 1689 1240 1776 dubito,
1262 1691 1323 1756 6161
1338 1689 1407 1754 16616
1479 1683 1480 1778 1

314 1791 492 1856 modestiae
507 1789 614 1874 specie
629 1787 810 1853 bominibus
825 1791 979 1858 modestis
995 1799 1027 1857 61
1042 1793 1083 1859 ab
1106 1795 1192 1859 omni
1216 1793 1324 1860 iudicii
1344 1790 1405 1858 sub·

313 1894 431 1958 tilitate
453 1891 698 1958 abhorrentibus
722 1891 911 1958 mirabiliter
936 1894 1128 1980 imposuisse
1151 1895 1331 1964 censendus
1350 1900 1407 1960 est.

315 1996 499 2062 enimvero
527 1995 590 2060 ista
612 1995 771 2061 modestia
798 2014 862 2060 non
889 1995 949 2062 linit
976 1997 1114 2065 hominis
1143 1999 1319 2086 sapientis,
1341 1995 1408 2078 sed,

315 2097 403 2182 quod
419 2095 608 2162 incredibile
624 2096 793 2181 videatur,
816 2117 920 2184 prope
936 2097 1069 2183 furiosi,
1092 2102 1234 2185 quicum
1253 2098 1409 2166 allamllo

315 2207 347 2266 61
368 2199 524 2265 Lambino
553 2199 653 2264 multa
680 2201 750 2266 sine
773 2219 872 2266 causa
894 2207 1005 2268 contra
1026 2210 1168 2270 veterum
1191 2202 1409 2288 exemplarium

314 2303 410 2368 fidem
432 2296 666 2368 invecta'recte
689 2302 922 2387 intellexisset,
949 2304 1030 2370 baec
1052 2307 1185 2372 eiecisse
1207 2325 1276 2372 non
1298 2311 1409 2370 conten·
1479 2359 1480 2368 ,

314 2411 365 2469 tus
381 2454 389 2487 ,
405 2405 575 2496 verissima
596 2422 744 2488 quaeque
766 2410 798 2470 et
820 2407 999 2472 certissima
1019 2408 1107 2474 nullo
1130 2407 1193 2472 6161
1216 2408 1353 2474 iniuriae
1372 2405 1409 2469 nl·
1479 2379 1480 2424 ¹

314 2505 483 2573 eiaoendae
505 2506 638 2572 consilio
662 2525 732 2572 cum
758 2507 807 2572 ira
830 2515 861 2572 61
883 2510 1035 2576 conviciis
1059 2509 1258 2576 foedissimis
1281 2509 1409 2592 exagito·

314 2611 417 2693 vcrit;
440 2628 504 2692 qno
527 2607 562 2673 11
583 2617 618 2674 61
634 2608 725 2674 Aiaci
741 2609 943 2677 Varroniano
958 2612 1140 2679 simillimus
1163 2615 1220 2678 sit:
1245 2615 1335 2680 Adra
1357 2626 1411 2676 mm

313 2713 413 2779 credit
422 2713 519 2799 ferro
533 2737 566 2778 66
580 2711 710 2778 caedere
732 2713 868 2796 11166661,
890 2715 968 2781 &rm
983 2713 1093 2780 baculo
1108 2715 1221 2781 6116661
1236 2716 1411 2802 666111666-

312 2839 424 2902 cosque
446 2813 585 2880 1661161
606 2864 613 2877 .
634 2815 741 2896 itaque
768 2815 801 2878 in
824 2817 925 2882 vastis
948 2815 1140 2884 Wakefieldi
1163 2817 1410 2896 commentariis,

312 2937 393 3002 quos
416 2917 485 3002 ipse
507 2915 768 3002 splendidissime
790 2917 892 2984 edidit
913 2918 1052 2985 Londini
1076 2921 1170 2986 annis
1195 2920 1279 2988 1196
1303 2927 1333 2986 61
1354 2919 1409 2999 91,

313 3023 533 3104 Glasgucnsea
549 3019 646 3104 paulo
662 3018 879 3085 commodiore
894 3021 999 3087 forma
1010 3022 1206 3106 repetierunt
1216 3041 1303 3088 anno
1320 3021 1410 3101 1813,

312 3123 434 3188 nullum
456 3141 556 3208 prope
579 3119 719 3187 studium
734 3122 974 3190 animadvertas
990 3124 1128 3190 Lucretii
1153 3125 1316 3192 rationum
1336 3129 1411 3190 recte

311 3225 620 3309 intellegendarum,
633 3223 753 3288 nnllam
765 3224 898 3306 linguae
909 3225 1048 3292 Latinae
1058 3227 1225 3294 seientiam
1237 3277 1245 3311 ,
1258 3228 1319 3293 sed
1329 3244 1410 3313 prae

311 3337 360 3394 ter
387 3327 533 3394 convicia
559 3326 702 3408 aliquam
729 3346 807 3393 6666
836 3329 1070 3411 elegantiarum
1100 3331 1298 3415 poeticarum
1320 3351 1338 3396 6
1358 3329 1411 3393 leo-

311 3431 399 3496 11666
420 3431 521 3496 multa
543 3429 600 3494 sed
623 3447 738 3512 parum
761 3430 895 3497 subacta
918 3433 1208 3516 consectationem,
1225 3439 1257 3498 61
1279 3431 1411 3515 insignia

311 3551 416 3617 neque
449 3552 489 3598 ea
521 3532 617 3596 nimis
643 3550 719 3596 rara
747 3533 861 3598 summi
893 3533 1015 3616 ingenii
1044 3535 1233 3618 egregiique
1263 3532 1410 3600 acuminis

310 3636 504 3720 vestigia,e
527 3633 642 3716 quibus
665 3639 821 3718 appareat
836 3655 929 3718 eum,
946 3637 1008 3702 nisi
1031 3637 1147 3704 mentis
1170 3656 1258 3702 error
1282 3635 1410 3704 obstitis-

310 3743 378 3818 set,
405 3737 609 3821 potuissene
636 3753 716 3800 vera
741 3742 865 3802 tantum
892 3739 926 3802 in
953 3737 1013 3805 hoc
1040 3745 1189 3824 poemate
1216 3736 1409 3805 emendando

310 3837 438 3906 6116666
460 3843 614 3921 quantum
636 3839 744 3904 multis
761 3839 849 3905 risus
869 3841 910 3906 sit
929 3839 1097 3908 effecisse.
1113 3841 1207 3910 huius
1230 3848 1263 3908 et
1282 3843 1409 3908 imitato-

310 3959 362 4006 res
385 3947 417 4005 et
438 3941 472 4005 16
495 3941 574 4006 66116
597 3939 758 4023 studiique
781 3949 963 4028 contemptu
985 3945 1151 4028 aemulos,
1174 3941 1409 4010 1666166606-

310 4044 413 4109 rolnm
442 4041 661 4108 Abrahamum
691 4043 911 4110 Eiclotodiom
940 4052 972 4110 61
999 4047 1163 4112 Albertum
1194 4048 1409 4134 Fordiperam,

311 4164 366 4210 cur
388 4143 684 4212 commemorandos
707 4143 823 4210 ducam
838 4147 930 4211 multi
946 4153 1031 4214 66616
1054 4167 1133 4214 6666
1155 4149 1371 4230 mirabuntur,
1392 4165 1410 4208 6

310 4248 427 4330 quibus
450 4267 491 4314 ne
515 4254 636 4314 tantum
658 4247 790 4330 quidem
816 4254 969 4330 quantum
992 4249 1034 4315 ab
1057 4249 1281 4337 Havcrcampo
1303 4267 1409 4334 capere

309 4351 487 4434 potuerim:
504 4371 580 4416 nam
592 4349 796 4416 Eicbstadiue
808 4369 906 4415 unum
921 4351 992 4417 libri
1008 4353 1110 4436 quinti
1126 4373 1254 4420 versum
1269 4349 1409 4422 emcnda-

309 4453 475 4538 6111184),
489 4453 645 4536 Forbiger
657 4451 738 4517 nihil
749 4472 886 4535 usquam
897 4453 1104 4522 landabiliter
1115 4459 1218 4540 gessit
1230 4507 1237 4522 .
1250 4457 1307 4524 sed
1316 4453 1407 4532 mibi,

309 4573 381 4620 cum
396 4555 591 4639 antiquiores
604 4575 714 4621 eorum
726 4555 868 4638 similes,
886 4557 1056 4625 Danielem
1068 4559 1226 4644 Pareum,
1243 4559 1408 4626 lobannem
