3052 5144
354 433 396 496 42
904 432 933 494 ll

354 619 388 662 re
411 619 548 680 vcraquc
572 605 673 664 metus
696 599 857 665 hominum
881 621 1037 682 curaeque
1060 621 1215 683 sequaces

355 734 415 778 neo
438 719 580 778 metuunt
602 715 723 780 sonitus
745 736 902 780 armorum
927 735 986 780 nee
1008 715 1076 780 sera
1098 715 1181 799 tela,

298 853 330 900 50
356 831 570 910 audacterque
592 829 673 893 inter
697 849 790 910 reges
814 849 980 912 rerumque
1003 830 1141 913 potentis

355 951 540 1028 versantur,
558 957 670 1024 neque·
683 944 838 1025 fulgorem
862 951 1044 1008 reverentur
1067 945 1108 1008 ab
1130 965 1206 1010 auro

355 1078 413 1123 nee
435 1059 555 1123 clarum
578 1057 677 1124 vestis
700 1059 904 1142 splendorem
925 1059 1117 1142 pauperem,

355 1173 429 1256 quid
453 1173 579 1238 dubitas
603 1173 677 1254 quin
701 1173 794 1236 oruni'
816 1173 857 1236 sit
878 1173 959 1237 haec
980 1172 1104 1238 ratioui’
1125 1177 1296 1257 potestas?

279 1347 284 1356 .
357 1288 459 1352 omnis
482 1307 553 1352 euru
575 1287 607 1351 in
631 1287 771 1352 tenebris
794 1287 982 1370 praesertim
1003 1287 1069 1350 vita
1090 1286 1234 1352 laboret:

299 1425 330 1468 ue
356 1423 429 1465 uam
451 1403 504 1467 vel
526 1405 570 1464 uti
592 1401 682 1485 pueri
706 1401 869 1486 trepidant
890 1410 985 1484 atquc
1009 1402 1116 1466 omnia
1138 1402 1243 1468 caeeis

357 1517 390 1579 in
412 1517 551 1582 tenebris
574 1523 732 1600 metuunt,
750 1516 796 1580 sio
818 1537 877 1581 nos
900 1516 933 1580 in
955 1517 1025 1580 luce
1046 1517 1191 1582 timemus

354 1631 436 1695 inter
458 1631 532 1694 dum
546 1681 553 1708 ‚
569 1630 633 1694 nilo
658 1651 740 1711 quae
763 1637 836 1695 sunt
857 1630 1027 1698 metuenda
1049 1633 1151 1714 magis
1174 1651 1270 1712 quam

356 1765 438 1830 quae
461 1747 551 1830 pueri
573 1746 606 1809 in
629 1745 768 1809 tenebris
791 1745 936 1828 pavitant
958 1745 1142 1828 finguntque
1164 1743 1289 1810 futura.

355 1859 436 1926 harno
458 1861 554 1943 igitur
575 1867 727 1925 terrorem
748 1860 846 1924 enimi
868 1860 1079 1940 tenebrasque
1101 1865 1265 1926 necessest
1344 1853 1348 1856 ’

299 1996 331 2042 oo
355 1996 418 2039 non
440 1974 521 2039 radii
547 1974 624 2039 solis
648 1993 751 2056 nequo
774 1975 881 2040 lucida
902 1974 967 2038 tela
988 1973 1051 2038 dici

354 2089 540 2174 discutiant,
558 2087 617 2153 sed
638 2097 771 2154 naturae
793 2089 918 2172 species
939 2089 1103 2170 ratioque.
1144 2137 1148 2146 .

398 2191 495 2267 Nune¹
511 2223 593 2286 age,
611 2223 673 2284 quo
696 2209 783 2267 motu
805 2203 960 2285 genitalia
982 2203 1126 2268 materiai

353 2339 488 2402 corpora
510 2338 561 2382 res
584 2318 688 2382 varias
710 2317 845 2398 gignant
867 2318 1056 2400 genitasque
1078 2318 1259 2396 resolvant,

355 2439 387 2498 et
409 2453 471 2514 quta
493 2434 524 2496 vi
547 2431 653 2497 faeere
675 2431 708 2496 id
731 2439 907 2512 cogantur,
924 2450 1071 2514 quaeque
1094 2431 1135 2497 sit
1158 2432 1231 2498 ollis

298 2567 329 2612 en
355 2545 480 2612 reddita
501 2547 661 2612 mobilitas
684 2567 833 2631 magnum
856 2566 914 2631 per
936 2547 1031 2612 inane
1053 2546 1203 2629 meandi,

355 2659 545 2744 expediam:
561 2667 595 2724 tu
617 2667 649 2726 te
672 2659 762 2726 dietis
784 2664 942 2746 praebere
964 2669 1144 2728 memento.

355 2795 428 2840 narn
452 2781 537 2842 certe
560 2795 624 2842 non
647 2776 728 2842 inter
750 2795 785 2841 se
808 2778 927 2860 stipata
948 2775 1098 2842 cohaeret

354 2891 523 2969 materies,
539 2891 688 2972 qnoniam
711 2891 811 2956 minui
834 2911 900 2955 rem
924 2911 1083 2972 quamque
1104 2890 1270 2974 videmus,

354 3013 386 3071 et
408 3007 500 3088 quasi
522 3007 697 3089 longinquo
721 3006 817 3074 fluere
841 3007 947 3072 omnia
968 3007 1124 3072 cernimus
1146 3025 1226 3070 aevo

298 3143 329 3187 ro
355 3143 394 3186 ex
417 3122 580 3203 oculisque
603 3128 793 3187 vetustatem
816 3121 993 3188 subducere
1015 3122 1153 3204 nostris,

354 3255 425 3300 oum
448 3243 552 3300 tamen
575 3235 743 3302 incolumis
766 3235 912 3302 videatur
934 3255 1056 3300 summa
1078 3255 1209 3302 manere

353 3357 525 3434 propterea
547 3351 641 3432 quia,
659 3369 744 3432 quae
766 3349 923 3416 decedunt
944 3369 1080 3434 corpora
1103 3350 1236 3431 cuique,

355 3464 439 3528 unde
462 3465 582 3528 abeunt
603 3465 765 3540 minuunt,
783 3485 844 3546 quo
867 3485 984 3532 venere
1007 3465 1156 3546 augmine
1179 3464 1321 3548 donant,

242 3659 260 3676 ..
354 3579 411 3643 illa
433 3597 601 3644 senescere
624 3585 657 3642 at
679 3579 759 3646 haee
781 3585 892 3644 contra
913 3579 1080 3646 florescere
1104 3585 1240 3660 cogunt,

300 3713 330 3760 75
356 3712 415 3756 nec
436 3698 633 3758 remorantur
654 3693 718 3758 ibi.
734 3695 781 3758 sio
802 3711 906 3760 rerum
930 3713 1054 3758 summa
1076 3701 1212 3758 novatur

355 3826 502 3890 semper,
518 3813 550 3871 et
572 3807 654 3870 inter
676 3825 711 3872 se
733 3808 886 3874 mortales
909 3814 1016 3872 mutua
1037 3808 1164 3872 vivunt.

354 3925 530 4003 augescunt
552 3920 636 3985 aliae
658 3929 790 4004 gentes,
810 3923 895 3988 aliae
916 3923 1121 4000 minuuntur,

354 4035 452 4116 inque
475 4033 563 4100 brevi
585 4037 688 4119 spatio
712 4043 870 4102 mutantur
892 4035 999 4102 saecla
1020 4035 1216 4102 animantum

356 4155 388 4213 et
411 4148 503 4230 quasi
526 4168 672 4216 cursores
693 4151 769 4216 vitei
791 4150 944 4234 lampada
964 4149 1112 4216 tradunt.

366 4303 554 4314 -.-.....—‹

359 4401 391 4450 52
402 4413 530 4464 purpura.
550 4397 563 4467 ll
584 4400 748 4450 astabores.
763 4397 775 4468 Η
792 4402 824 4449 62
838 4399 975 4450 materiae.
992 4397 1005 4467 Η
1019 4403 1052 4450 68
1065 4399 1289 4462 quamquidemus.
1305 4396 1318 4467 ll
1334 4401 1365 4448 73
1378 4397 1470 4463 agmine
