3052 5144
82 677 119 722 ne
140 677 212 722 mea
234 659 320 724 dona
343 660 398 724 tibi
423 659 526 724 studio
550 659 695 743 disposta
719 659 824 742 fideli,

81 773 234 838 intellecta
256 775 343 858 prius
366 793 460 856 quarn
485 774 563 858 sint,
588 781 769 858 contempta
792 775 974 858 relinquas.

80 907 147 951 nam
171 888 226 952 tibi
250 887 290 953 de
313 909 436 954 sumina
459 889 539 954 caeli
562 888 686 952 ratione
709 889 866 971 deumque

21 1026 49 1069 oo
79 1004 233 1068 disserere
256 1003 427 1086 incipiam,
451 1009 483 1068 et
506 1023 609 1069 rerum
632 1003 806 1087 primordia
830 1005 991 1088 pandant,

78 1117 157 1182 unde
180 1119 283 1182 omnis
306 1125 421 1183 natura
447 1125 533 1184 oreet
555 1139 626 1198 ree,
650 1125 773 1194 arietet,
797 1119 946 1203 alatque,

76 1253 174 1313 quove
197 1233 310 1297 eadem
334 1253 453 1296 mrsum
478 1241 590 1299 natura
612 1239 776 1317 perempta
802 1237 962 1315 resolvat3

75 1367 153 1428 quae
177 1367 236 1410 nos
259 1348 425 1412 materiem
450 1355 481 1412 et
502 1349 658 1430 genitalia
681 1369 817 1432 oorpora
839 1350 933 1416 rebus

73 1437 236 1526 reddunda
259 1463 290 1526 in
314 1463 439 1527 ratione
462 1483 579 1528 vooare
603 1469 634 1525 ot
657 1461 778 1525 semina
799 1482 902 1528 rerum

19 1599 46 1638 o«,
74 1576 235 1660 appellare
260 1583 385 1640 su'e'mus
408 1583 440 1642 et
462 1576 543 1643 bueo
565 1577 678 1642 eadem
701 1597 854 1660 usurpare

74 1709 205 1775 corpora
228 1691 353 1774 prima,
377 1692 459 1774 quod
485 1712 523 1756 ex
546 1692 610 1756 illis
633 1699 704 1755 sunt
727 1691 835 1756 omnia
857 1694 988 1776 primis.

110 1806 258 1870 Humana
279 1813 354 1870 ante
377 1806 486 1872 oeulos
509 1805 602 1872 foede
626 1827 696 1871 oum
718 1807 785 1870 vita
808 1807 927 1872 iaceret

72 1919 100 1982 in
124 1921 215 1985 terris
239 1941 396 2006 oppressa
419 1921 507 2002 gravi
532 1921 590 1986 sub
612 1921 790 2004 religione,

72 2055 148 2115 quae
170 2041 269 2118 capnt
291 2055 311 2099 a
333 2036 415 2100 caeli
438 2033 624 2119 regionibus
647 2035 837 2100 ostendebat

19 2169 47 2212 ro
74 2147 211 2214 horribili
238 2170 333 2234 super
356 2157 486 2234 aspectu
509 2149 696 2213 mortalibus
719 2149 864 2233 instans,

73 2263 198 2346 primum
226 2263 343 2329 Graius
366 2264 461 2328 homo
485 2263 628 2328 mortalis
652 2264 782 2329 tendere
805 2273 915 2330 eontra

72 2385 114 2441 est
134 2379 246 2443 oeulos
269 2397 365 2444 ansus
386 2379 570 2462 primusque
594 2379 749 2446 obsistere
772 2387 903 2458 eontra;

71 2513 157 2579 quem
179 2511 289 2574 neque
312 2493 391 2558 fana
414 2493 507 2558 deum
532 2513 591 2558 neo
611 2494 745 2559 fulmina
767 2513 826 2560 neo
848 2495 1008 2560 minitanti

71 2627 228 2672 murmure
251 2608 439 2691 compressit
462 2607 604 2692 eaelum,
629 2609 686 2674 sed
710 2629 748 2673 eo
773 2611 874 2692 inagis
897 2631 1003 2676 aorem

17 2743 43 2784 a·
72 2723 173 2787 inritat
196 2721 297 2787 animi
317 2723 484 2798 virtutem,
508 2723 678 2805 effringere
701 2733 733 2788 ut
756 2733 826 2788 arta

71 2845 201 2904 naturae
225 2837 346 2921 primus
369 2843 531 2921 portarum
555 2839 693 2903 claustra
716 2839 857 2922 sopiret.

70 2972 144 3034 ergo
167 2951 281 3016 vivida
303 2951 350 3016 via
372 2951 469 3016 animi
493 2953 646 3036 pervicit,
671 2961 702 3016 et
724 2961 813 3018 extra

68 3069 226 3150 prooessit
248 3067 343 3149 longe
366 3065 562 3132 flammantia
585 3069 712 3133 moenia
735 3069 841 3132 mundi

69 3189 163 3262 atque
187 3201 283 3246 omne
303 3182 490 3246 immensum
514 3183 697 3264 peragravit
720 3190 827 3248 mente
849 3182 1040 3264 aninroque;

18 3315 43 3356 :o
72 3296 154 3360 unde
177 3294 280 3361 refert
303 3295 393 3360 nobis
416 3295 515 3360 vietor
537 3295 611 3378 qrrid
634 3297 735 3380 possit
758 3297 854 3378 oriri,

71 3410 143 3492 quid
167 3417 327 3494 nequeat,
350 3409 441 3474 finita
465 3417 605 3493 potestas
628 3411 766 3496 denique
789 3411 902 3493 cuique

70 3547 230 3608 «prauam
254 3525 294 3590 sit
317 3525 438 3589 ratione
461 3531 555 3607 atque
579 3528 643 3592 alte
666 3529 818 3592 terminus
842 3525 1002 3591 haerens.

71 3659 168 3722 quare
191 3639 306 3720 religio
328 3639 462 3722 pedibus
485 3641 628 3706 subiecta
650 3641 788 3706 vicissim

71 3755 244 3838 optor-itur,
268 3774 326 3818 nos
349 3763 511 3835 exaequat
532 3757 664 3822 victoria
687 3755 798 3821 eaelo.

13 3896 41 3922 s·
110 3867 196 3932 Illud
219 3868 252 3932 in
276 3867 325 3932 bis
350 3868 444 3934 rebus
465 3889 596 3954 vereor,
619 3891 660 3936 no
683 3871 764 3935 forte
788 3869 889 3935 rearis

70 3983 156 4068 inpia
178 3990 211 4046 te
234 3983 368 4048 rationis
389 3983 469 4048 inire
491 3983 648 4050 elementa
670 3986 818 4067 viarnque

69 4095 239 4181 indugredi
264 4097 414 4162 sceleris.
460 4097 545 4179 quod
567 4105 676 4166 eontra
699 4099 828 4183 saepius
851 4097 908 4162 illa

72 4369 101 4412 dt
130 4365 221 4414 tollere
245 4363 260 4434 Η
284 4367 317 4414 68
343 4365 411 4413 fama
437 4361 450 4434 ΙΙ
477 4369 508 4414 w
531 4365 692 4430 confringere
717 4363 729 4434 ll
757 4369 785 4414 71
813 4375 931 4432 cuperet.
956 4363 970 4433 ΙΙ
997 4367 1028 4412 rt
1053 4378 1153 4414 omnem
1179 4365 1192 4434 ,Ι

73 4453 100 4498 Π
127 4451 259 4516 Quantum
