3036 5150
304 385 346 454 74
840 383 875 450 11

303 559 417 634 alelmo
432 558 488 624 uhi
505 557 538 624 in
553 555 671 624 nostrin
689 559 738 622 eut
751 557 884 622 mneos
897 578 907 620 .·
921 554 998 621 item
1009 554 1168 621 Lactantii
1180 557 1396 644 exemplarium

303 662 407 728 maior
421 681 499 747 para
514 661 661 741 Qualiter
678 659 714 724 o‘c
728 659 884 725 tenebris.
901 678 977 724 mox
999 658 1126 724 Nonius
1148 679 1180 744 p.
1195 659 1268 746 278,
1285 659 1323 727 lh
1342 661 1397 726 De·

300 768 407 854 pimus
428 767 503 831 hoc.

390 867 439 934 16.
462 887 583 931 nonna
605 885 744 928 vrnaur
760 913 768 927 .
785 864 930 932 Donatus
955 863 999 930 ad
1020 863 1247 932 Phormionem
1268 864 1400 933 ‘l'erentii

302 993 335 1055 ιι,
351 970 412 1054 1,2
433 969 510 1036 ‘Neo
529 993 630 1036 mecm
653 969 821 1055 impertiam
833 969 849 1030 .'
871 991 951 1032 roro
972 960 1212 1055 ἀποσιώπησις
1227 1016 1236 1034 .
1250 993 1323 1035 nour
1342 988 1401 1034 non

302 1074 444 1160 requiror
458 1071 516 1139 aed
528 1073 623 1158 (haec
638 1069 818 1137 coniunctio
835 1067 1072 1155 delendarum:
1096 1072 1203 1138 ιἰιιιιίίι
1225 1075 1306 1138 eruin
1327 1091 1399 1156 age.

302 1175 493 1242 subauditur
508 1189 611 1242 eumen
626 1173 766 1241 revereri
783 1221 790 1237 .
812 1173 859 1238 εἰσ
873 1173 1043 1238 Lucrett'na
1058 1175 1171 1240 Nonae
1185 1174 1294 1242 uidere
1308 1223 1315 1240 .
1330 1175 1402 1241 hacc

303 1275 467 1344 aGiianio
479 1284 564 1344 recte
576 1275 725 1344 relatain
737 1275 953 1342 conlectancia
964 1275 1309 1358 p.383Wakefieldum
1321 1277 1402 1342 llich-

303 1379 444 1445 stadium
467 1379 679 1464 Forbigernm
704 1399 769 1444 non
795 1377 993 1442 retinuerunt
1020 1397 1084 1463 quo
1112 1379 1217 1445 minuo
1239 1380 1403 1465 probarent

304 1483 391 1566 qnod
406 1483 498 1548 Italis
513 1489 545 1548 et
560 1482 697 1548 Marullo
713 1481 900 1567 placuerat,
921 1503 1022 1545 nonne
1040 1481 1147 1547 uidere
1169 1496 1237 1568 ιιι,
1258 1481 1343 1566 quod
1362 1482 1403 1546 di-

303 1585 395 1651 cendi
417 1604 520 1669 genus
536 1585 684 1651 Lucretio
700 1583 868 1666 iudignum
884 1600 956 1647 ease
971 1581 1114 1649 dicemus
1129 1583 1212 1651 libro
1228 1607 1258 1664 v,
1270 1585 1355 1652 533.
1375 1587 1404 1648 at

302 1686 381 1754 illud
397 1687 533 1755 alterum
548 1687 697 1754 Latinum
712 1691 744 1752 et
759 1684 952 1769 exquisitum
968 1689 1036 1770 eat,
1052 1709 1154 1752 nonae
1167 1685 1302 1753 othere?
1316 1687 1349 1752 in
1362 1685 1403 1750 in·

193 1789 204 1805 '
303 1788 511 1875 dignatione,
534 1790 595 1856 hoc
617 1793 667 1855 eat
687 1807 795 1854 noune
816 1786 955 1854 vident?
977 1787 1025 1854 sic
1040 1788 1082 1852 hl.
1098 1787 1225 1855 Tullius
1241 1787 1283 1855 de
1298 1787 1403 1854 finibus

303 1915 336 1977 rr,
349 1893 390 1960 29
402 1894 457 1960 hoo
472 1916 544 1959 uero
558 1915 621 1958 accc
635 1889 768 1957 videre!
789 1889 905 1974 quibus
926 1909 1002 1956 mox
1016 1889 1218 1956 subiciuntur
1233 1891 1334 1976 hoec,
1355 1890 1404 1954 hoc

303 1995 403 2082 opiam
417 1993 501 2062 idem
515 2019 578 2062 coc
592 1993 676 2060 uidet
691 2041 699 2058 .
715 1993 760 2058 ibi
775 1993 965 2078 interpretes
981 1989 1106 2058 addunt
1121 2013 1162 2059 ex
1177 1993 1324 2060 eiusdem
1339 2009 1405 2077 ope

303 2097 348 2162 riu
364 2095 446 2162 libro
458 2118 501 2178 rr,
515 2097 556 2163 76
571 2097 628 2162 hoc
642 2119 705 2162 ccc
718 2095 851 2162 mutere!
865 2099 898 2160 et
912 2114 954 2161 ox
968 2095 1049 2161 libro
1061 2113 1083 2158 v
1095 2093 1128 2160 in
1140 2095 1275 2162 Verrem
1289 2095 1329 2163 14
1342 2107 1404 2160 tao·

304 2211 408 2265 trenno
422 2197 539 2265 uiduam
550 2200 585 2264 ιἰι
599 2210 681 2264 mea
690 2197 897 2285 periculoque
906 2197 1112 2285 prouinciae?
1125 2195 1211 2262 idem
1225 2218 1287 2283 pro
1299 2197 1404 2266 Cluen-

304 2302 348 2366 tio
367 2301 406 2368 15
428 2301 635 2368 conductam
655 2300 875 2387 einpalurem!
896 2321 999 2364 conoe
1019 2297 1091 2382 (alii
1105 2299 1183 2384 noo)
1198 2301 1359 2384 toleniaco,
1379 2298 1408 2363 εἰ

302 2406 408 2469 maiano
422 2405 486 2470 cim
501 2402 630 2468 declam
639 2401 1013 2488 hominumqnesomom,
1028 2413 1062 2466 ot
1071 2401 1163 2466 album
1173 2403 1282 2488 apuam
1296 2414 1404 2469 uocum

299 2507 449 2594 socerque
464 2504 622 2592 nuptiales
633 2505 647 2571 i
660 2527 724 2570 aaa
739 2504 834 2570 limen
845 2504 1000 2587 cubiculi,
1016 2527 1079 2569 coo
1090 2503 1192 2570 cothila
1196 2505 1294 2591 fileae
1307 2553 1314 2570 .
1328 2521 1404 2589 qnae
1498 2579 1499 2586 ,

302 2614 376 2674 aunt
390 2608 517 2674 acriora
532 2625 629 2691 qnam
643 2607 673 2673 ai
694 2605 828 2674 dixisset
848 2605 933 2674 uidet
947 2605 1028 2673 ur'de't
1042 2609 1146 2674 amuel
1161 2655 1170 2673 .
1185 2606 1355 2674 Terentino
1375 2604 1404 2670 in

303 2709 427 2776 Andria
437 2731 458 2794 1,
469 2709 500 2792 5,
515 2710 554 2775 18
572 2709 745 2775 Tantumne
758 2733 824 2776 rem
839 2723 905 2776 tom
919 2710 1113 2797 neclepenter
1123 2711 1244 2796 opere?
1258 2716 1293 2776 et
1306 2731 1336 2793 r,
1348 2707 1404 2792 3‚8

302 2811 392 2880 Adeo
404 2814 558 2900 rirpcterue'
566 2836 632 2878 erae
642 2812 767 2878 ocimo!
782 2811 858 2878 item
869 2813 903 2877 in
915 2810 1070 2877 Eunucho
1081 2831 1124 2897 rr,
1137 2811 1167 2896 3,
1180 2811 1201 2876 2
1212 2813 1336 2878 Hocine
1347 2825 1403 2876 tom

271 2995 276 3006 Ι
302 2915 669 3002 audoefocc‘naofooere
679 2938 744 2981 eoae
756 2913 891 2980 cummi
905 2912 985 2980 haec
1000 2911 1130 2997 quidem
1146 2913 1257 2979 omnia
1272 2915 1306 2980 in
1317 2912 1404 2979 tertia

301 3036 462 3103 persona,
485 3017 528 3082 ad
550 3035 647 3100 quarn
669 3035 710 3084 ea
726 3035 855 3101 quoqne
869 3016 1049 3102 pertinent,
1073 3015 1223 3100 aquibus
1238 3015 1346 3083 exorsi
1359 3034 1404 3081 au·

302 3139 394 3206 mua,
410 3121 444 3186 in
460 3119 652 3186 Phormione
666 3139 700 3204 ιι,
715 3120 743 3203 1,
756 3121 797 3204 2,
819 3119 911 3184 Itone
925 3118 1051 3184 moden
1065 3141 1197 3184 necron
1211 3117 1306 3185 ducit
1319 3117 1403 3184 Aeti-

300 3223 363 3310 pho
385 3224 512 3288 animae
532 3223 625 3288 meo?
645 3223 712 3288 Nec
726 3245 828 3288 meum
843 3222 1030 3308 ricperriem,
1053 3243 1091 3286 cc
1109 3215 1216 3303 (multi
1231 3220 1306 3307 αρε)
1325 3221 1404 3285 mrito

302 3325 483 3410 imperium,
499 3347 561 3389 reon
572 3324 760 3390 minuitatem
772 3347 873 3390 meam
883 3323 1037 3388 Revereri
1044 3322 1177 3388 nalem?
1190 3346 1252 3388 non
1264 3319 1404 3409 podere?

303 3426 446 3494 secunda
466 3445 607 3510 persona
621 3432 671 3492 eut
685 3425 718 3490 in
733 3425 783 3492 hie
796 3473 804 3492 .
819 3425 854 3491 in
876 3423 1032 3491 Eunucho
1047 3445 1081 3508 ιι,
1095 3426 1123 3507 1,
1136 3423 1157 3488 2
1178 3425 1220 3488 alr
1235 3420 1404 3513 Reputorc!

305 3531 403 3616 quoer'
415 3528 541 3615 defficilc
555 3529 616 3593 eit.
633 3527 667 3593 in
683 3527 873 3594 Phormione
885 3547 915 3610 v,
927 3527 957 3612 9,
969 3525 1012 3594 53
1026 3527 1087 3591 Na
1094 3525 1219 3613 pudere
1229 3529 1245 3592 ἓ
1257 3527 1292 3591 in
1307 3525 1403 3592 Heau-

303 3631 571 3697 tontimorumeno
587 3651 616 3714 v,
632 3630 663 3712 4,
682 3631 721 3696 18
742 3631 817 3695 Noa
835 3629 917 3695 maha·
925 3653 985 3715 per
990 3628 1153 3716 fallaciae
1167 3627 1325 3695 adducere
1338 3639 1402 3692 oute

301 3733 432 3800 oculor?
463 3732 524 3799 hoc
552 3737 601 3797 eat
628 3731 701 3796 Nou
728 3729 866 3797 minoia
893 3729 1121 3796 meretricem?
1146 3729 1202 3795 nbi
1233 3729 1430 3806 Bentloium¹

302 3853 366 3901 non
390 3835 566 3916 intellego.
582 3833 687 3919 prima
708 3851 849 3918 persona
871 3832 976 3899 locum
998 3831 1096 3899 hahet
1116 3833 1151 3898 in
1172 3832 1223 3898 hie
1240 3851 1324 3918 quae
1337 3833 1403 3897 sunt

303 3936 336 4000 in
358 3935 485 4002 Andria
506 3956 536 4020 r,
554 3935 583 4020 2,
600 3935 661 4020 29,
685 3959 788 4002 nouere
810 3947 838 4002 te
859 3936 985 4002 meamet
1004 3935 1092 4000 cneii
1116 3937 1254 4001 Tantum
1275 3935 1402 4000 ῑαόοιιιι

304 4061 415 4122 capere
436 4039 473 4103 ob
495 4039 588 4104 lolem
599 4037 738 4124 filiam!
766 4035 828 4102 hoo
849 4042 899 4102 ost
919 4038 1033 4124 capio.
1053 4035 1202 4109 similiter
1223 4035 1353 4102 Plautus
1372 4033 1402 4097 in

303 4137 472 4203 Aulularia
482 4159 515 4223 ιι,
528 4139 559 4224 5,
575 4139 614 4204 12
630 4137 714 4204 'Tuhr'
730 4139 957 4227 rectcfocerei
971 4139 1033 4205 hoc
1048 4144 1098 4206 eat
1111 4138 1185 4205 ‘tibi
1202 4138 1284 4206 bene
1298 4134 1401 4204 lano?

306 4237 433 4324 quondo
454 4239 541 4325 qaod
550 4241 669 4327 fociae
687 4242 792 4327 peru't.

390 4340 439 4406 17.
467 4341 586 4407 Nrnrn
608 4363 724 4409 aurun
746 4364 822 4407 srnr
843 4363 1022 4408 mannaan
1044 4363 1230 4428 cananae,
1253 4365 1327 4408 urar
1346 4359 1399 4424 ur,

304 4441 572 4516 ceucocroca
601 4465 804 4511 saruncrns
830 4465 956 4510 nonore
981 4465 1111 4525 araur,
1142 4467 1265 4510 namur
1295 4463 1400 4510 rnna·

303 4567 374 4612 rua
402 4547 576 4615 Iucunuo
599 4568 734 4638 annau,
763 4569 861 4613 oona
892 4567 1043 4614 annona
1068 4567 1269 4623 muroena.
1296 4551 1334 4616 In
1355 4543 1399 4612 liu
