3052 5144
653 437 668 502 1

101 621 163 680 tuto
187 632 239 678 res
263 621 387 677 teneras
410 613 501 678 effert
524 613 557 676 in
579 611 713 676 luminisv
729 613 826 676 oras?

37 751 79 793 mo
101 726 182 808 quod
205 727 233 791 si
257 725 298 791 de
320 727 385 791 nilo
408 727 540 804 fierent,
564 727 667 792 subito
691 735 896 792 exorerentur

99 841 218 906 incerto
242 842 348 926 spatio
372 848 467 923 atque
489 841 605 906 alienis
626 842 771 926 pertibus
793 843 891 919 anui;

100 958 216 1042 quippe
239 956 291 1019 ubi
316 955 403 1020 nuile
425 953 531 1022 iurent
551 955 746 1041 primordia,
770 976 852 1037 quae
875 957 1005 1038 genitali

100 1071 233 1136 concilio
257 1077 390 1155 possent
411 1071 512 1136 arceri
536 1077 680 1156 tempore
700 1071 829 1152 iniquo.

98 1205 153 1249 nec
174 1205 273 1269 porro
296 1186 451 1268 augendis
473 1187 567 1252 rebus
592 1186 696 1270 spatio
719 1185 917 1269 torsimus,

37 1322 79 1364 me
99 1299 228 1364 seminis
251 1299 295 1364 ad
319 1301 455 1384 coitum,
480 1301 506 1364 si
530 1319 548 1364 e
571 1301 637 1364 nilo
660 1319 802 1365 crescere
824 1307 973 1382 possent:

100 1433 170 1478 nam
193 1413 311 1478 fierent
330 1413 463 1480 iuvenes
486 1415 590 1480 subito
613 1434 652 1479 ex
675 1412 841 1478 insentibu’
863 1415 990 1498 parvis,

99 1548 116 1593 e
137 1535 290 1609 terraque
314 1535 423 1592 exorta
444 1535 577 1613 repente
599 1528 728 1593 arbusta
751 1527 903 1594 salirent.

100 1663 229 1724 quorum
253 1643 299 1707 nil
323 1641 389 1707 fieri
411 1643 613 1709 manifestum
637 1650 704 1727 est,
728 1643 837 1708 omnia
858 1643 986 1724 quando

99 1758 250 1843 paulatim
276 1764 441 1832 crescunt,
464 1764 498 1821 ut
519 1779 579 1841 pru·
601 1764 650 1824 est
672 1757 795 1822 semine
818 1763 902 1822 certo

39 1895 79 1938 ron
99 1892 262 1956 crescere,
286 1891 401 1952 resque
425 1891 526 1952 genus
549 1878 697 1949 servent;
720 1877 754 1934 ut
775 1889 910 1935 noscere
932 1872 1037 1954 possis

100 1989 230 2070 quicque
254 2007 316 2052 sua
338 1985 378 2050 de
400 1986 533 2050 materia
555 1986 770 2070 grandescere
793 1984 919 2066 alique.

100 2102 157 2166 huc
179 2101 308 2168 accedit
330 2101 374 2164 uti
397 2099 465 2166 siue
488 2101 582 2166 certis
604 2101 759 2164 imbribus
781 2100 858 2164 unni

99 2216 250 2283 laetificos
277 2222 416 2296 nequeat
437 2215 520 2280 setius
541 2217 726 2282 submittere
749 2215 862 2300 tetius,

100 2351 157 2396 nec
177 2353 276 2416 porro
299 2336 420 2396 secreta
443 2331 514 2395 cibo
538 2335 652 2394 natiue
676 2331 872 2394 animantum

42 2466 80 2510 mo
102 2465 283 2531 propagare
305 2464 406 2530 genus
428 2445 529 2529 possit
551 2445 711 2526 vitamque
734 2446 833 2524 tueri;

103 2567 132 2624 ut
152 2561 259 2646 potius
282 2561 389 2625 multis
412 2560 593 2624 communia
616 2580 753 2644 corpora
776 2561 870 2626 rebus

102 2677 197 2742 multa
218 2682 313 2761 putes
335 2694 427 2751 esse,
450 2681 484 2738 ut
505 2675 612 2740 verbis
636 2675 794 2740 elementa
815 2675 979 2758 videmus,

103 2811 193 2872 quam
215 2791 287 2855 siue
310 2789 473 2874 principiis
495 2789 592 2853 ullam
615 2809 681 2853 rem
704 2789 839 2855 existere
862 2808 979 2873 posse.

103 2905 238 2988 denique
262 2925 317 2970 eur
339 2903 485 2969 homines
507 2909 615 2974 tantos
637 2909 754 2970 natura
775 2924 894 2990 parare

41 3040 84 3084 roo
104 3041 163 3086 non
184 3020 308 3108 potuit,
333 3018 467 3104 pedibus
490 3019 544 3101 qui
566 3025 697 3104 pontum
720 3041 778 3105 per
800 3019 883 3084 vada
904 3027 1036 3104 possent

103 3137 235 3202 transire
259 3143 292 3201 et
313 3155 448 3216 magnos
470 3135 618 3200 menibus
640 3135 793 3201 divellere
815 3135 932 3201 montis

103 3251 265 3333 multaque
287 3251 425 3316 vivendo
447 3253 558 3317 vitalia
580 3252 707 3318 vincere
730 3249 859 3326 saecla,

104 3365 234 3440 sinon,
259 3367 411 3432 materies
434 3367 509 3450 quia
531 3368 626 3433 rebus
649 3366 776 3432 reddita
801 3369 917 3430 certast

103 3479 292 3562 gignundis,
316 3499 335 3546 e
358 3503 421 3564 qua
443 3488 571 3548 constat
594 3482 668 3564 quid
692 3479 795 3565 possit
816 3479 890 3544 oriri
900 3480 917 3541 ⁴?

43 3611 85 3656 ros
106 3593 145 3657 nil
166 3594 262 3676 igitur
285 3595 350 3662 fieri
374 3597 415 3661 de
437 3599 502 3662 nilo
525 3617 622 3683 posse
644 3595 859 3675 fatendumst,

103 3709 219 3775 semine
244 3709 374 3792 quando
398 3729 478 3796 opus
501 3711 684 3794 omnebus,
710 3731 772 3792 quo
796 3726 942 3790 quaeque
965 3715 1093 3770 creatae

105 3825 185 3889 airis
206 3825 240 3888 in
262 3833 389 3892 teneras
411 3827 537 3912 possint
557 3825 731 3910 proferrier
754 3843 869 3888 auras.

106 3943 262 4020 postremo
286 3941 436 4021 quonism
460 3942 585 4008 incultis
607 3947 771 4025 praestare
793 3937 937 4002 videmus

107 4051 186 4116 culta
208 4053 281 4120 loce
303 4061 335 4120 et
356 4059 505 4122 manibus
526 4056 666 4122 melioris
687 4053 822 4120 reddere
844 4051 947 4133 fctus,

47 4183 88 4230 nro
109 4184 176 4233 esse
197 4169 349 4236 videlicet
370 4171 403 4234 iu
425 4171 518 4236 terris
539 4169 716 4267 primordia
741 4187 866 4250 rerum,

114 4414 158 4462 lac
176 4413 370 4478 crescentesque
391 4413 404 4480 Η
425 4417 474 4462 ’207
493 4425 595 4478 possent
