3052 5150
663 336 711 402 lll
1181 340 1240 406 197

141 517 282 595 correpta
294 509 479 594 efferemus,
489 509 642 574 Protr'mrs
649 531 742 594 ceper
753 531 831 596 apo:
843 509 1023 575 trinoctium
1031 513 1106 594 mbr,
1122 512 1241 598 Tityre,

140 611 235 694 doco,·
249 610 313 676 nisi
325 611 408 676 forte
420 599 624 677 scribendum
640 615 689 676 est
699 634 759 698 opo
770 661 779 694 ,
792 623 819 676 ct
830 612 896 676 iam
911 612 991 677 tanc
1005 614 1080 678 616.
1097 612 1242 679 Catullus

139 715 169 779 in
183 714 325 780 carmine
340 714 392 796 61,
401 714 463 797 98,
480 713 534 779 651
551 713 583 778 16
594 713 686 779 libris
699 719 748 778 est
758 712 851 779 otiien
862 713 1020 800 arsaces,
1036 735 1101 780 non
1113 715 1243 802 scripsit

138 815 541 904 mlieritsacesSplendr'das
550 818 696 904 quatiunt
705 839 809 880 cernas
820 865 829 898 ,
842 815 901 881 sed
913 815 1007 882 cidere
1018 818 1133 904 ifaces
1144 842 1154 883 .·
1165 837 1241 884 nam

137 933 186 1002 ut,
202 919 351 1002 quotiens
373 917 482 984 valeat
503 917 537 984 id
560 916 647 1004 quod
669 917 839 1006 qaornodo,
862 925 957 984 acuto
978 925 1111 988 accentu
1132 920 1240 988 efferri

136 1027 289 1086 testantur
304 1019 469 1087 Charisius
484 1042 517 1107 p.
529 1021 612 1105 202,
630 1019 802 1086 Diomedes
822 1041 853 1106 p.
866 1021 950 1102 388,
967 1019 1098 1088 Servius
1121 1022 1163 1088 ad
1180 1025 1241 1089 Ae·

135 1122 246 1188 neidoa
261 1145 281 1206 r,
298 1123 360 1190 667
378 1173 385 1188 .
401 1143 505 1208 neque
520 1123 672 1189 Horatius
695 1124 728 1188 in
751 1123 959 1208 epistularum
974 1145 1007 1209 rr,
1025 1125 1055 1210 2,
1074 1125 1134 1192 163
1157 1125 1241 1191 dixit

134 1249 239 1312 ponpa
254 1223 345 1290 modo
361 1231 439 1310 tcto,
456 1224 515 1292 sed
529 1225 620 1292 modo
635 1238 701 1290 616.
718 1225 765 1290 616
779 1227 812 1290 16
825 1225 990 1293 Aeneidos
1005 1247 1047 1310 vr,
1064 1227 1241 1294 3896661-

135 1347 206 1394 cens
218 1327 323 1412 prima
331 1347 428 1394 manu
439 1331 505 1394 iam
516 1329 596 1392 saiw
603 1377 612 1412 ‚
625 1323 662 1392 in'
670 1327 712 1391 ll.
719 1327 817 1394 Tullii
826 1329 1050 1396 Accusationis
1062 1331 1145 1397 libro
1157 1353 1178 1414 1,
1185 1331 1237 1417 47,

137 1429 193 1496 123
208 1430 385 1496 Vaticanus
408 1454 499 1518 quern
521 1429 698 1496 ammodum
726 1431 839 1514 616,16
862 1431 1007 1498 eiusdem
1029 1433 1239 1519 epistularum

133 1553 183 1616 xv,
193 1533 272 1616 19,4
283 1531 415 1600 Caesius
427 1546 531 1598 utram
543 1546 612 1616 616,
625 1531 739 1616 ipsein
751 1552 794 1616 ru,
807 1533 837 1617 3,
850 1533 871 1598 2
882 1534 1021 1620 quidone
1031 1549 1080 1601 616
1090 1561 1142 1602 res
1155 1585 1163 1620 ‚
1176 1539 1239 1604 Nc·

9 1661 10 1717 j
133 1635 202 1702 nine
217 1656 249 1720 p.
265 1635 338 1720 428,
354 1635 376 1699 4
391 1655 431 1701 ex
447 1633 611 1702 Ciceronis
627 1632 668 1699 de
688 1639 816 1700 oratore
830 1656 851 1720 r,
868 1636 908 1701 87
929 1661 1010 1724 qaae
1024 1640 1070 1704 66·
1079 1640 1238 1722 rhetores,

131 1737 281 1822 idemque
294 1759 327 1824 p.
338 1736 411 1821 448,
423 1737 466 1804 30
481 1743 512 1802 et
526 1735 600 1822 536,
613 1735 685 1802 336
701 1735 854 1803 Varronis
867 1737 974 1804 Medio
987 1765 1082 1828 qaam
1097 1754 1215 1832 scoram
1228 1791 1236 1824 ‚

130 1841 193 1906 rbm
204 1854 269 1905 stoc
280 1839 363 1905 dicto
378 1859 408 1924 p.
420 1838 494 1923 476,
507 1838 550 1904 20
563 1858 582 1904 6
594 1837 699 1904 Plauti
713 1837 882 1905 Baccbiein
897 1861 940 1924 rr,
951 1839 983 1924 4,
996 1841 1037 1906 28
1051 1891 1058 1925 ,
1071 1844 1197 1928 coponio
1208 1845 1242 1908 ri

130 1956 174 2010 rto
189 1941 362 2008 eliaecilio
379 1941 499 2006 comico
514 1961 546 2026 p.
562 1939 632 2025 127,
647 1939 706 2026 16,
721 1942 870 2008 ePatruo
883 1943 1052 2028 Pomponii
1065 1965 1096 2030 p.
1108 1945 1182 2025 474,
1195 1945 1237 2013 25

129 2045 364 2128 1116666116σί66
375 2044 484 2130 ‚fatua
495 2092 505 2127 ,
516 2044 550 2109 er'
560 2042 636 2108 stud
647 2045 781 2109 rrr'mr'um
797 2044 884 2124 (libri
898 2047 932 2110 ei
939 2045 1090 2128 sardium)
1105 2049 1238 2114 mei-adis

130 2149 207 2232 clia,
223 2148 357 2213 nimium
378 2159 445 2212 stac
465 2165 505 2212 ex
521 2145 678 2230 Adelphis
692 2137 834 2213 Terentii
849 2167 883 2230 6,
898 2149 926 2231 1,
941 2147 980 2214 15
994 2169 1026 2234 p.
1038 2149 1112 2234 367,
1125 2149 1187 2234 23,
1204 2150 1237 2214 in

129 2254 328 2318 consonante
343 2267 421 2314 vera
434 2261 468 2312 61
482 2261 549 2312 stuc
564 2266 604 2314 cx
620 2248 745 2314 Andria
758 2271 804 2332 nr,
817 2249 903 2335 3534
917 2270 949 2335 p.
960 2249 1033 2336 219,
1046 2251 1089 2318 20
1103 2257 1135 2318 61
1149 2252 1236 2338 apud

130 2351 316 2426 Ciceronem
328 2369 386 2435 pro
398 2349 506 2416 Tullio
518 2369 589 2435 cap.
602 2351 621 2416 8
633 2351 715 2438 quid
723 2353 829 2435 nobb,
845 2351 981 2440 sicquid,
996 2355 1054 2420 scic
1066 2355 1237 2441 66961116-

128 2479 193 2521 meo
209 2451 380 2519 66111666
395 2451 456 2518 hoc
467 2451 605 2538 Priapeo
618 2454 659 2520 69
675 2453 905 2520 restituendum
916 2459 994 2540 puto
1006 2505 1015 2540 ,
1028 2455 1082 2520 ubi
1099 2458 1236 2540 6616161,

129 2557 194 2634 616,
209 2554 415 2622 Smerdaleorr
429 2568 509 2620 certe
523 2557 630 2622 scires
652 2579 715 2622 666
733 2553 853 2622 manda
873 2571 1022 2640 6666166,
1039 2557 1160 2624 66111661
1174 2557 1237 2624 Hc-

129 2678 227 2740 mero,
243 2657 334 2723 cuius
347 2663 420 2722 eunt
430 2651 613 2744 abactor?
626 2651 791 2746 stipidum
803 2665 834 2725 61
844 2659 1057 2748 spectatae
1068 2654 1100 2727 δ’
1115 2653 1238 2748 αὐτῇσι

129 2755 219 2849 φάνη
233 2755 460 2843 κεκακωμένος
476 2756 565 2850 ἅλμῃ
579 2811 586 2826 .
599 2766 695 2846 atque
715 2781 756 2827 ea
774 2763 970 2848 pronominis
991 2763 1095 2829 forma
1109 2783 1173 2829 non
1189 2763 1237 2828 vi·

129 2865 304 2932 detortam
320 2863 440 2928 rustica
454 2863 554 2930 161666
569 2883 664 2948 quam
680 2864 792 2950 putari
808 2884 879 2930 cum
894 2865 936 2932 de
950 2884 991 2930 66
1006 2864 1178 2954 scriberem
1194 2864 1237 2930 ad

130 2967 262 3054 Ulpiani
278 2964 462 3048 regularum
477 2965 593 3032 librum
608 2967 638 3051 2,
655 2968 673 3031 7
698 2973 729 3034 61
751 2965 794 3032 ad
810 2966 929 3033 Galum
944 2988 975 3053 p.
991 2967 1072 3034 128.
1088 2987 1163 3032 666
1177 2969 1236 3032 1616

129 3067 313 3155 disyllabon
334 3067 369 3132 in
385 3068 509 3134 Horatii
532 3089 628 3136 versu
643 3075 742 3135 totum
769 3069 901 3152 gravari
916 3069 1060 3155 potuisse
1082 3067 1236 3135 credibile

2 3228 3 3239 ,
129 3192 192 3238 666
216 3177 286 3255 661;
304 3189 497 3254 quamquam
514 3171 657 3238 Lucilius
680 3177 712 3237 ct
734 3171 878 3240 Catullus
900 3171 962 3237 hoc
983 3170 1079 3237 modo
1102 3171 1236 3237 minoris

2 3255 3 3318 i
128 3274 279 3360 ponderis
299 3273 457 3340 vocabulo
480 3274 529 3340 usi
549 3282 623 3341 eunt
645 3275 871 3362 6166681166
893 3273 1086 3358 quibusdam
1101 3293 1236 3360 praepo·

2 3394 3 3468 1
128 3376 317 3444 6111661566.
334 3373 448 3441 Lucilii
464 3382 513 3444 est
528 3391 590 3444 1616
605 3378 677 3444 etde
689 3392 783 3466 atque
798 3359 977 3464 diepilladoo
991 3375 1080 3462 apud
1093 3376 1233 3443 Nonium

128 3500 159 3566 p.
170 3480 222 3564 26,
236 3479 255 3543 7
268 3527 277 3562 ,
292 3477 436 3545 eiusdem
443 3481 533 3567 fimo
544 3493 637 3568 atquc
649 3480 792 3547 ewdrdc's
803 3479 891 3566 apud
903 3479 1039 3546 eundem
1054 3500 1085 3565 p.
1101 3479 1170 3563 175,
1187 3479 1235 3564 13,

129 3583 243 3650 Catulli
260 3583 294 3648 in
308 3582 376 3648 r'dco
392 3595 485 3668 atque
495 3588 569 3650 6166
586 3583 667 3668 12,2
683 3591 714 3650 et
719 3583 833 3671 frater
849 3588 906 3648 dee
920 3573 1096 3670 aiquevdle
1110 3583 1180 3666 101,
1196 3583 1236 3649 10

128 3683 335 3770 (quamquam
359 3682 576 3762 Quintilianus
597 3709 618 3770 1,
635 3687 664 3770 6,
682 3687 721 3752 21
745 3705 803 3751 666
826 3690 971 3770 tempore
992 3684 1070 3749 tace
1092 3683 1236 3749 secunda

129 3793 275 3873 correpta
296 3785 359 3852 dici
382 3791 536 3872 testatur,
552 3788 638 3871 quod
660 3791 768 3854 tamen
787 3793 954 3873 poctarum
976 3805 1052 3852 usus
1075 3805 1139 3851 non
1162 3805 1235 3852 con·

128 3888 265 3974 firmat),
282 3889 355 3956 Silii
369 3909 402 3974 6,
416 3889 477 3954 227
501 3890 589 3955 Inter
611 3889 747 3978 dumque
767 3895 882 3972 61666,
898 3890 979 3954 inter
1002 3887 1077 3954 daim
1100 3889 1235 3955 clamore

128 3994 282 4079 61616666
292 4041 301 4074 ,
321 4011 389 4078 vm,
402 3991 443 4058 75
470 3994 600 4080 mrir'que
627 3998 726 4058 61666
750 3995 837 4059 16166
865 3991 979 4057 lisuino
1006 3991 1093 4057 dccc
1103 4041 1112 4074 ,
1127 4013 1159 4074 x,
1171 3991 1234 4057 309

128 4096 271 4181 misique
292 4096 361 4160 oiri
379 4096 461 4160 inter
480 4093 589 4160 616666
611 4119 721 4161 comeo
737 4144 744 4159 .
760 4093 911 4180 praemisi
935 4093 1060 4158 rariora
1081 4099 1113 4160 et
1133 4111 1235 4179 prope

129 4195 262 4262 vitiosa:
278 4196 381 4261 maior
402 4216 478 4282 pare
500 4201 668 4281 poetarum
694 4203 769 4282 poet
790 4194 950 4263 vocabula
974 4195 1115 4262 iambica
1137 4193 1235 4260 nullis

130 4299 198 4365 aliis
219 4298 324 4364 locum
350 4297 509 4364 concessit
534 4299 596 4365 nisi
625 4317 709 4383 quae
735 4305 793 4364 aut
819 4297 1046 4382 monosyllaba
1075 4303 1182 4364 essent
1204 4303 1236 4361 61

131 4401 239 4483 gravia
269 4405 327 4466 aut
354 4399 622 4486 hyperdieyllaba
653 4406 726 4486 poet
754 4399 891 4485 primam
924 4398 1084 4485 syllabam
1118 4403 1234 4464 acuta.

133 4499 206 4568 baec
228 4521 292 4575 non
315 4501 411 4568 modo
435 4501 456 4566 ii
487 4523 569 4586 quos
591 4503 676 4568 ultra
702 4522 892 4590 progressos
915 4521 986 4568 esse
1009 4501 1076 4566 dixi
1099 4499 1234 4578 admise-
