3052 5144
591 469 762 544 ΙΙ,

52 649 158 728 sponte
180 663 241 708 sua
263 644 341 708 sorte
364 642 552 708 offensando
576 648 610 706 ut
632 642 756 708 semina
778 661 880 706 rerum

22 783 39 820 u
54 757 240 822 multimodis
261 763 380 824 temere
401 759 434 822 in
456 775 583 823 esssurn
605 756 783 838 frustraque
803 763 913 820 eoaeta

53 871 174 937 tandem
197 871 364 937 coluerunt
386 893 424 937 es
446 891 531 954 quae
555 876 709 936 eonveeta
730 877 862 955 repente

55 1007 235 1066 magnarum
259 1007 363 1050 rerum
386 986 497 1052 fierent
519 985 652 1050 exordia
675 1003 820 1069 semper,

55 1100 142 1164 terrai
164 1101 263 1164 maris
286 1107 318 1165 et
340 1101 421 1166 eaeii
443 1101 635 1184 generisque
657 1099 874 1164 animantum.

55 1233 141 1295 quare
163 1214 259 1278 etiarn
285 1221 381 1296 atque
402 1215 497 1280 etiam
521 1213 595 1278 talis
616 1213 737 1278 fateare
761 1233 893 1279 neeesse
916 1219 965 1278 est

22 1347 41 1392 u
57 1346 120 1392 esse
140 1328 222 1392 aiios
246 1328 324 1392 alibi
348 1345 538 1410 congressus
561 1327 728 1409 materiai,

56 1442 150 1523 qualis
172 1443 223 1508 hie
246 1449 315 1524 est,
333 1441 428 1506 avido
451 1443 617 1526 complexu
642 1462 735 1524 quem
757 1447 844 1506 tenet
866 1442 997 1508 aether.

88 1556 257 1624 Praeterea
278 1577 350 1620 eum
373 1557 524 1622 materies
547 1563 597 1622 eet
617 1558 718 1622 muita
740 1562 877 1641 parata,

58 1690 119 1734 eum
140 1671 228 1736 loeus
255 1677 304 1737 eet
325 1677 453 1756 presto,
470 1691 530 1735 nee
551 1689 604 1736 res
625 1691 685 1736 nee
707 1690 807 1736 eausa
829 1677 971 1734 moratur

59 1785 134 1868 ulls,
148 1787 216 1870 geri
239 1785 378 1869 debent,
395 1786 426 1850 ni
451 1786 584 1861 mirum,
602 1792 634 1850 et
655 1785 785 1850 confieri
808 1805 878 1850 res.

23 1917 46 1960 :u
59 1919 130 1965 nune
150 1922 189 1966 ex
211 1901 409 1977 seminibus,
427 1901 454 1965 si
475 1906 565 1964 tanta
588 1907 637 1966 est
659 1899 754 1983 eopia
777 1899 929 1981 quantam

59 2031 229 2080 enumerare
254 2022 345 2080 aetas
367 2015 562 2080 animantum
586 2035 649 2079 non
673 2013 916 2095 quantumuis,

60 2130 118 2208 quis
135 2129 248 2194 eadem
272 2137 387 2194 natura
409 2135 536 2213 manet,
554 2147 638 2212 quae
661 2128 783 2192 semina
806 2148 908 2192 rerum

63 2244 186 2310 eunieere
208 2247 242 2310 in
269 2246 340 2310 loea
362 2263 509 2326 quaeque
531 2251 628 2326 queat
650 2243 745 2309 simili
768 2242 892 2314 ratione

62 2365 138 2440 atque
160 2359 222 2424 hue
246 2339 327 2424 suut¹
342 2357 506 2440 coniecta,
523 2377 654 2424 neeesse
677 2365 725 2424 est
742 2357 914 2423 confiteare

26 2489 49 2533 :s
62 2491 119 2538 esse
138 2473 218 2538 alios
242 2471 320 2536 aliis
343 2477 498 2536 terrarum
520 2473 552 2538 in
576 2473 720 2556 partibus
744 2474 831 2538 orbis

61 2593 87 2650 et
105 2589 203 2654 uarias
226 2586 392 2652 homiuum
415 2587 520 2669 gentis
543 2595 575 2654 et
596 2589 705 2654 saeela
728 2587 888 2653 serarum.

91 2703 153 2770 Hue
174 2702 301 2770 aceedit
322 2708 357 2766 ut
379 2701 409 2766 in
433 2723 556 2768 summa
578 2723 630 2769 res
654 2705 742 2769 nulla
765 2705 807 2770 sit
829 2723 913 2786 una,

61 2819 140 2884 unira
161 2839 244 2901 quae
268 2818 419 2901 gignatur
441 2823 473 2882 et
495 2819 591 2884 uuiea
614 2820 747 2902 solaque
773 2825 913 2901 creseat,

61 2933 125 3012 quin
145 2933 296 3016 aliquoiu’
319 2933 381 2997 siet
402 2933 500 2998 saeeii
523 2934 745 3018 permultaque
769 2932 883 2998 eodem

24 3065 48 3105 ur
61 3047 114 3110 sint
133 3067 251 3132 genere
266 3097 272 3112 .
289 3048 321 3112 in
344 3048 455 3132 primis
476 3048 688 3126 animalibus,
704 3049 823 3114 inelute
846 3043 994 3120 Memmi,

60 3161 187 3229 invenies
209 3165 257 3231 sie
280 3163 496 3248 montivagum
520 3183 622 3245 genus
646 3183 716 3228 esse
739 3163 897 3242 ferarum,

62 3277 99 3340 sie
117 3277 277 3344 hominurn
299 3279 441 3361 genitam
463 3279 603 3362 prolem,
620 3279 666 3344 sie
688 3277 826 3358 denique
850 3280 955 3340 mutas

62 3393 284 3477 squamigerum
307 3391 448 3477 pecudes
470 3399 502 3457 et
524 3413 660 3476 corpora
683 3398 797 3457 cuneta
820 3392 1003 3456 volantum.

64 3525 117 3584 qua
137 3515 264 3593 propter
287 3509 411 3574 eaelum
434 3507 530 3574 simili
553 3507 678 3572 ratione
701 3505 915 3589 fatendumst,

27 3625 230 3704 ueteremque
253 3613 290 3688 et
307 3622 408 3688 solem
422 3673 429 3700 ‚
445 3623 574 3705 lunam,
592 3641 699 3705 mare,
715 3625 821 3686 uetera
844 3640 927 3702 quae
949 3623 1041 3694 sunt,

64 3753 116 3798 nun
137 3754 204 3802 esse
227 3737 343 3820 unies,
360 3737 417 3802 sed
440 3757 573 3803 numero
597 3736 700 3820 magis
720 3734 931 3812 innumerali3

65 3850 307 3936 qnandoquidem
328 3851 414 3917 vitae
437 3851 593 3936 depaetus
616 3851 768 3916 terminus
790 3850 853 3914 alte

71 4151 314 4206 retransmissa.
329 4153 342 4221 Η
359 4157 421 4204 1001
439 4155 554 4204 colerunt
568 4150 581 4220 Η
595 4153 712 4202 coniecta
725 4151 738 4220 Η
763 4155 828 4201 1002
844 4149 977 4199 exordiae
998 4143 1011 4214 ΙΙ
1033 4149 1100 4196 1010
1113 4155 1137 4195 et
1157 4143 1170 4211 Η

73 4239 126 4287 litii
144 4243 188 4292 Vis
213 4241 225 4308 ΙΙ
248 4246 315 4293 1073
333 4256 448 4305 quaeque
467 4250 493 4292 at
512 4239 525 4308 ΙΙ
548 4243 615 4290 1018
634 4240 772 4303 gignantur
792 4235 805 4306 Η
828 4239 893 4288 rure
913 4235 1049 4307 aliquoivis
1069 4233 1082 4300 Η
1105 4235 1171 4284 1080

70 4321 141 4378 indice
157 4341 254 4382 ruente.
275 4327 289 4398 Η
312 4333 375 4382 1081
397 4329 525 4381 Inuenisse
545 4326 558 4396 ii
580 4331 645 4376 1082
665 4327 793 4392 geminem
