2996 5148
401 469 465 535 212
940 467 985 532 Vl

400 637 610 723 conplerunt,
627 657 742 722 magno
765 625 975 721 indignantur
995 655 1157 704 murmure
1179 638 1277 705 clausi

397 753 558 832 nubibus,
573 753 607 818 in
630 755 801 837 caveisque
824 753 964 819 ferarum
988 773 1076 818 more
1101 753 1279 838 minantur,

399 889 483 933 nunc
505 867 579 934 hinc
600 849 684 936 nunc
706 869 795 935 illino
817 869 961 936 fremitus
984 887 1042 952 per
1065 869 1175 933 nubila
1197 869 1337 944 mittunt,

323 1004 374 1052 noo
399 990 653 1068 quaerentesque
675 986 761 1052 riom
785 986 901 1052 circum
925 991 1112 1062 versantur,
1129 989 1162 1050 et
1182 984 1268 1066 ignis

400 1099 524 1165 semina
546 1101 739 1166 convolvunt
760 1123 777 1166 e
801 1101 939 1166 nubibus
961 1107 1057 1182 atque
1080 1101 1126 1164 ite
1150 1107 1269 1182 cogunt

398 1215 517 1300 multa,
535 1219 705 1297 rotantque
728 1216 817 1282 cavis
839 1215 1000 1281 flammam
1023 1214 1208 1280 fornacibus
1231 1215 1334 1290 intus,

402 1329 505 1396 donec
528 1329 653 1396 divolsa
675 1331 830 1396 fulserunt
853 1331 938 1396 nube
962 1330 1103 1395 corusci.

437 1445 622 1510 Henetiam
644 1445 744 1510 tituli
768 1445 808 1510 de
831 1465 930 1511 cause
953 1445 1081 1512 mobilis
1103 1445 1158 1510 ille

323 1583 373 1632 noo
399 1560 529 1628 devolet
550 1560 581 1624 in
604 1565 719 1625 terram
743 1561 854 1642 liquidi
879 1561 967 1627 color
990 1579 1105 1626 sursus
1129 1561 1233 1645 ignis,

399 1677 522 1742 semina
545 1675 629 1758 quod
652 1677 753 1742 nubes
777 1676 866 1761 ipsos
888 1676 1045 1760 permulta
1067 1682 1235 1744 necessust

399 1793 484 1876 ignis
508 1789 645 1856 habere:
662 1791 779 1857 etenim
802 1811 872 1856 cum
897 1798 970 1856 sunt
991 1811 1102 1857 umore
1126 1793 1195 1857 sinc
1219 1791 1307 1866 ullo,

395 1905 561 1972 flammeus
583 1913 632 1971 cst
653 1905 840 1989 plerumque
863 1907 951 1972 colos
974 1913 1006 1972 et
1028 1906 1219 1990 splendidus
1241 1906 1340 1970 ollis:

398 2021 474 2104 quin
498 2021 596 2086 etium
618 2021 696 2087 solis
720 2021 760 2086 de
783 2021 903 2087 lumine
925 2021 1026 2086 multu
1049 2027 1213 2086 necessest

324 2155 374 2203 nro
399 2137 589 2221 concipere,
606 2143 641 2201 ut
664 2137 775 2202 merito
798 2137 935 2202 rubeant
956 2137 1112 2218 ignesque
1137 2135 1350 2220 profundant.

397 2249 494 2316 hasce
516 2251 613 2334 igitur
636 2272 706 2318 curn
729 2259 843 2318 ventus
866 2271 967 2334 agens
990 2251 1144 2316 contrusit
1167 2251 1199 2314 in
1222 2269 1321 2314 unum

399 2367 651 2451 compressitque
673 2366 776 2432 locum
801 2387 941 2450 cogens,
959 2386 1115 2450 expresse
1137 2363 1338 2450 profundunt

399 2481 541 2557 semina,
558 2501 641 2565 quae
665 2481 784 2548 faciunt
805 2482 952 2547 flammae
975 2481 1100 2562 fulgore
1123 2479 1271 2546 colores.

396 2595 489 2677 fulgit
509 2596 604 2680 item,
621 2615 692 2661 curn
716 2603 882 2662 rarescunt
904 2613 1033 2678 quoque
1055 2595 1167 2660 nubile
1188 2596 1294 2660 caeli.

323 2729 374 2778 nro
398 2729 474 2774 nem
498 2731 569 2776 oum
591 2717 704 2776 ventus
728 2729 785 2774 eas
808 2709 922 2774 leviter
946 2709 1067 2774 diducit
1090 2709 1195 2774 euntis

398 2823 629 2908 dissoluitque,
647 2825 762 2890 cadant
783 2823 918 2908 ingratis
941 2825 998 2888 illa
1020 2829 1184 2890 necessest

400 2941 524 3007 semina
548 2958 631 3022 quae
654 2937 777 3004 faciunt
799 2941 978 3021 fulgorem:
995 2946 1060 3002 turn
1084 2939 1152 3004 sine
1175 2945 1282 3004 taetro

399 3061 519 3122 terrore
543 3063 575 3120 ct
597 3055 703 3121 sonitu
727 3053 821 3137 fulgit
844 3053 995 3136 nulloque
1018 3053 1172 3118 tumultu.

437 3169 532 3249 Quod
555 3189 651 3253 super
674 3175 741 3252 est,
759 3169 845 3251 quali
870 3177 983 3232 natura
1005 3169 1155 3252 praedito
1177 3173 1329 3234 constent

322 3307 373 3354 nno
397 3286 551 3360 fulmins,
569 3284 733 3350 declarant
754 3285 818 3348 ictu
840 3283 915 3348 loca
936 3283 1062 3366 inusta,
1079 3283 1207 3368 vaporis

398 3401 511 3482 signs,
528 3407 688 3482 notaeque
711 3400 819 3482 gravis
842 3398 984 3463 halantis
1007 3399 1146 3481 sulpuris
1168 3417 1290 3464 ouras:

399 3497 590 3598 ignisenim
615 3523 687 3606 supt
710 3515 792 3579 heco
815 3535 878 3578 non
902 3513 986 3578 venti
1011 3513 1104 3596 signe
1125 3533 1230 3594 neque
1255 3511 1381 3578 imbris.

398 3636 568 3715 practerea
590 3649 687 3713 saepe
712 3627 891 3694 accendunt
914 3649 1041 3710 quoque
1065 3633 1150 3694 tecte
1173 3627 1343 3702 domorum

397 3751 429 3810 ct
451 3744 547 3810 celeri
568 3743 695 3808 flamma
717 3743 922 3808 dominentur
944 3745 977 3806 in
1000 3742 1136 3808 aedibus
1158 3743 1262 3826 ipsis.

322 3881 372 3930 stu
397 3859 481 3924 hunc
502 3858 560 3924 tibi
583 3859 729 3924 subtilem
753 3877 821 3924 oum
846 3857 957 3942 primis
979 3857 1107 3941 ignibus
1129 3858 1238 3942 ignem

397 4061 598 4070 ——-

401 4194 449 4242 199
470 4193 570 4242 fremitu
591 4188 605 4260 Η
626 4193 672 4241 201
695 4190 865 4240 comissum.
887 4186 900 4257 Η
920 4191 971 4238 205
991 4189 1062 4238 color
1081 4185 1094 4256 Η
1116 4189 1165 4236 207
1186 4187 1264 4252 Ignes
1284 4185 1298 4258 Η
1319 4183 1393 4236 scel
1451 4185 1460 4196 “’

398 4281 545 4346 plerumque
565 4277 580 4348 Η
598 4279 662 4328 olis.
684 4276 698 4348 Η
717 4280 767 4328 200
782 4277 882 4340 Quippe
901 4277 967 4326 enirn
988 4273 1001 4343 Η
1022 4278 1073 4324 210
1091 4275 1195 4324 iubeant
1216 4271 1229 4342 Η
1251 4279 1305 4325 213
1323 4275 1423 4336 fulgerer
1444 4264 1452 4306 ³

399 4368 525 4432 ingratius
549 4365 563 4434 Η
589 4367 726 4416 trunonis
750 4365 763 4432 Η
789 4367 839 4413 219
859 4363 927 4426 quali
947 4365 1087 4413 omissum.
1109 4357 1123 4430 Η
1144 4363 1195 4410 220
1214 4361 1269 4410 iotn
1288 4371 1313 4412 ct
1331 4363 1403 4410 inum

399 4455 483 4504 sums.
505 4453 518 4522 Η
538 4455 589 4502 228
607 4469 634 4502 se
