3186 5146
321 373 386 440 410
853 371 898 436 Vl

322 543 470 629 exempla
495 543 529 608 in
551 541 698 609 versibus
729 563 795 610 non
817 543 948 610 inveni:
984 541 1215 610 contrabuntur
1236 527 1344 608 autem
1367 549 1431 608 tam

321 653 407 714 reete
422 665 518 730 quam
533 670 610 736 seso)
626 646 798 714 00010000
815 670 869 712 sco
884 670 1047 734 quaeque:
1069 647 1183 712 suescit
1201 646 1287 712 cuim
1304 645 1361 729 qui
1376 645 1432 710 alt-

323 749 401 836 quid
423 769 516 814 suum
540 747 617 815 lacit
637 754 695 814 ant
715 769 792 815 suus
814 749 869 816 fit.
896 751 931 816 in
958 748 1149 834 apocalypsi
1177 747 1334 814 lobannis
1349 749 1379 834 8,
1394 749 1431 812 11

322 853 426 920 bonus
448 857 481 917 et
502 853 654 936 antiquus
669 850 780 918 codex
794 852 1031 920 Laurentianus
1053 850 1151 917 babet
1165 850 1205 916 do
1226 852 1341 936 aqua,
1356 851 1434 936 quob

323 979 432 1022 amara
451 955 566 1042 factae
591 968 664 1020 scat
675 980 687 1040 ,·
716 954 803 1038 quod
830 973 895 1020 non
923 952 1020 1020 debet
1040 953 1086 1020 ita
1107 952 1254 1036 intellegi
1276 953 1371 1036 quasi
1393 951 1435 1018 sit

322 1059 555 1144 amarescens,
581 1056 660 1141 sod,
688 1055 849 1140 quomodo
876 1056 1057 1122 accuratim
1084 1055 1274 1141 undensis,
1303 1078 1435 1120 amarae

312 1161 448 1247 factae.
469 1159 593 1226 Nouius
609 1165 717 1226 tamen
738 1160 972 1246 obsecresacere
987 1157 1069 1225 dixit
1083 1179 1114 1244 p.
1130 1159 1201 1242 146,
1217 1157 1258 1223 28
1273 1175 1334 1222 suc
1351 1157 1435 1242 peri·

323 1263 416 1348 culc;
439 1269 533 1346 quem
555 1281 655 1347 supra
668 1261 809 1329 vidimus
831 1261 944 1328 borum
959 1261 1132 1328 verborum
1146 1259 1302 1326 rationem
1319 1278 1436 1344 parum

322 1372 451 1450 tenere,
474 1365 568 1448 isque
590 1365 687 1430 etiam
705 1365 894 1452 perosaeere
916 1362 999 1430 dixit
1020 1361 1321 1449 0110193104,
1346 1359 1436 1444 quod
1569 1357 1570 1428 1

322 1466 408 1534 unde
431 1467 602 1534 deductum
624 1467 753 1534 sitnon
775 1467 929 1550 intellego
943 1515 967 1534 ..

411 1570 501 1637 1006.
525 1590 737 1635 naruonnrs
759 1589 898 1634 ansas.
927 1569 1095 1653 Oblongus
1122 1568 1228 1654 prima
1248 1568 1437 1652 100000νί-

323 1672 430 1740 modc‘c
441 1674 578 1760 fmus.
607 1673 682 1740 Itali
704 1694 833 1738 anans.

412 1777 504 1843 1007.
526 1797 585 1840 nm
607 1797 653 1840 ur
676 1797 761 1848 uus.
784 1775 940 1842 Marullus
952 1777 997 1863 fit
1018 1788 1053 1840 aa
1067 1797 1171 1861 qaas:
1193 1771 1381 1855 Naugerius
1393 1772 1438 1858 fit
1569 1807 1570 1810 =

323 1899 467 1962 nacon,
491 1884 577 1944 recte
590 1928 598 1946 .
610 1880 654 1968 fit
675 1885 711 1946 ct
732 1885 782 1946 est
795 1899 855 1965 pro
871 1899 937 1944 uno
951 1877 1130 1960 vocabulo,
1145 1875 1194 1941 sic
1209 1875 1243 1940 in
1260 1895 1303 1956 nv,
1316 1873 1380 1939 944
1392 1875 1438 1960 fir

323 1984 374 2046 uti
388 2007 468 2069 pars
490 1980 572 2048 inde·
588 1983 714 2047 000001
724 1983 888 2066 Es'cs'atwr5
909 1979 943 2046 id
966 1986 1016 2046 est
1033 1979 1109 2046 inde
1120 1977 1356 2064 fitcti.iuv1‚
1373 1975 1439 2042 204

322 2085 396 2150 Hac
411 2085 554 2172 ets‘cmfit
569 2085 620 2149 oct
631 2082 670 2148 da
680 2106 778 2148 occsa
788 2085 914 2152 mobiles
924 2081 980 2148 ille
991 2081 1121 2148 Deoolst
1132 2082 1167 2146 s’a
1179 2093 1312 2146 terram
1328 2077 1436 2143 01721

324 2187 441 2274 anfit
454 2189 506 2253 sati
517 2199 615 2274 pacto
630 2186 710 2252 ouer
723 2186 829 2252 micus
845 2187 948 2253 caitus
962 2185 1054 2251 omni
1069 2185 1113 2250 Ec
1123 2181 1277 2270 procls'os's
1292 2180 1438 2266 itemfict
1569 2211 1570 2244 t

323 2290 428 2355 minos
450 2291 584 2376 alapatus
606 2287 722 2354 cads's.

411 2391 503 2459 1009.
537 2409 765 2455 annuosrnus
786 2410 1015 2457 nnnununrs.
1048 2389 1099 2454 Ex
1126 2385 1254 2454 addidit
1274 2389 1438 2452 corrector

323 2491 494 2576 quadrati,
518 2492 679 2559 Antonius
702 2492 815 2577 blasii,
838 2493 1015 2559 Marullus.

412 2596 503 2662 1011.
527 2595 636 2674 Quart
659 2611 1321 2661 0001οι00000000001000100000
1345 2610 1436 2654 son·

323 2719 414 2761 non.
438 2696 604 2764 Gorrector
620 2698 753 2781 oblongi
769 2698 847 2764 iecit
860 2699 975 2781 torro,
996 2695 1083 2783 quod
1103 2714 1167 2760 non
1184 2693 1361 2776 intellego.
1378 2691 1437 2758 sed

324 2799 522 2866 inconditam
549 2800 726 2866 orationem
748 2800 828 2868 scite
854 2802 994 2868 correxit
1015 2794 1238 2865 Wakefieldus
1264 2793 1436 2860 scribendo

323 2923 471 2968 sununs
493 2923 556 2966 nn.
1528 2890 1531 2899 ’

412 3005 504 3073 1012.
540 3025 641 3078 0000
667 3027 822 3072 nrorsun
846 3027 889 3070 ax
916 3025 1150 3072 scansurus.
1187 2999 1367 3068 Lambinus
1396 3021 1437 3067 ue

324 3108 444 3174 monito
460 3107 589 3191 quidem
604 3108 725 3175 lectore
740 3108 829 3175 dedit
844 3109 931 3196 quod
940 3109 1039 3197 paolo
1055 3107 1198 3173 ds’aeimcs
1209 3117 1301 3170 cota.
1318 3104 1437 3170 wake

324 3211 438 3278 beldns
461 3209 495 3276 id
517 3210 604 3294 quod
628 3211 700 3278 libri
727 3211 846 3278 babent
868 3211 1024 3294 restitnit,
1054 3210 1124 3276 irae
1149 3205 1255 3273 studio
1283 3205 1436 3292 intorpre-

324 3315 385 3380 tari
408 3313 545 3380 oblitus.
567 3313 645 3378 mibi
669 3313 801 3381 dubium
822 3335 887 3380 non
910 3313 1038 3381 videtur
1060 3311 1138 3396 quin
1159 3313 1258 3395 polita
1271 3309 1438 3394 scripserit
1569 3317 1570 3350 l

325 3437 398 3489 ouo
422 3437 586 3482 nucinua
601 3439 642 3482 00
656 3417 832 3499 clementes,
856 3415 983 3482 conciso
1000 3412 1140 3498 quodam
1157 3409 1286 3478 dicendi
1302 3431 1435 3507 genere,
1569 3441 1570 3466 n

325 3519 416 3585 cuius
437 3518 543 3586 simile
565 3519 748 3603 exemplum
770 3537 836 3584 non
857 3536 990 3603 possum
1011 3533 1179 3603 promere,
1203 3513 1315 3597 qualia
1332 3515 1436 3582 forent
1569 3509 1570 3548 ³

325 3621 438 3688 ducere
452 3645 492 3687 ear
505 3644 624 3705 mana,
640 3622 772 3708 amfurso
779 3669 789 3706 ‚
805 3645 847 3688 ero
860 3633 987 3686 001000.
1004 3619 1123 3686 Graeci
1137 3620 1218 3686 haec
1233 3618 1437 3704 frequentant

325 3721 368 3790 ad
390 3721 634 3812 significandam
650 3723 874 3806 instrumenti,
898 3743 961 3806 quo
978 3721 1101 3807 aliquid
1117 3717 1262 3806 ducitur,
1280 3719 1436 3788 continui·
1569 3743 1570 3792 t

325 3832 444 3892 tatem.
471 3827 593 3892 scilicet
619 3829 736 3920 anulus
764 3847 804 3892 cx
827 3825 995 3892 elementis
1020 3825 1098 3892 terri
1121 3823 1300 3892 cohaerens
1322 3823 1434 3890 iisdem
1569 3919 1570 3922 Ἴ

231 4011 237 4021 ¹
325 3929 492 3995 elementis
514 3927 548 3994 in
571 3949 709 3997 vacuum
731 3926 878 3994 ducitur.

414 4031 505 4098 1013.
529 4051 549 4095 0
570 4053 713 4097 annno.
735 4030 903 4113 Oblongus
925 4042 953 4096 te
972 4030 1084 4114 forro.-
1105 4029 1182 4096 hine
1196 4029 1273 4096 olim
1289 4025 1433 4115 impressi

325 4133 468 4221 refer-re,
493 4133 566 4199 ltali
589 4134 628 4202 de
642 4136 758 4222 ferro.

412 4235 504 4303 1014.
528 4257 717 4303 annaeus.
741 4235 909 4302 Corrector
931 4235 1063 4319 oblongi
1085 4253 1253 4300 sununs.

414 4337 506 4404 1016.
537 4359 748 4412 carcasona
770 4361 806 4402 m
828 4359 873 4403 οο
897 4357 1137 4403 courscrsus
1159 4357 1289 4402 sassa.
1318 4334 1433 4402 Oblou-

327 4459 388 4528 gns
410 4441 512 4508 00000
534 4445 609 4534 qui,
632 4449 664 4509 st
685 4441 792 4531 prima
814 4461 910 4508 mann
925 4441 1162 4530 corapcps’m'bcs
1173 4489 1182 4524 ‚
1205 4445 1241 4504 ut
1260 4456 1360 4505 versu
1374 4436 1432 4504 919
1569 4445 1570 4448 ’
