3052 5150
636 362 686 428 III
1151 361 1216 429 203

123 537 242 622 suffieit,
258 537 323 604 Per
348 541 453 602 roam
473 547 583 602 551551
610 532 743 601 ostendit
771 533 977 620 negotiatores
988 583 997 616 ,
1014 533 1073 620 qui
1095 557 1216 618 semper

123 640 341 728 tempestatibus
373 639 611 725 trobioadosque
636 636 827 730 salvantur,
850 653 890 702 ea
916 654 937 700 5
969 634 1216 722 mythogrephis

123 743 187 810 llsii
201 765 232 828 p.
245 735 320 808 1231
342 747 375 807 et
391 741 465 808 190⁴
488 741 535 806 ite
555 743 689 824 eeeepts
710 742 785 804 sunt
806 739 900 822 quasi
923 742 1035 804 suetos
1053 756 1094 804 es
1115 755 1133 803 e
1155 737 1216 802 Lu-

90 905 91 910 ,
123 845 207 912 ustio
232 833 430 927 rettudisset,
446 861 519 910 oum
545 843 574 908 is
601 841 650 906 its
675 829 943 923 ills'Vergilisne
970 841 1216 925 interpretetur,

9 951 10 968 ¹
122 947 193 1031 616,
208 947 374 1032 radiisque
395 957 537 1012 rosanae
558 943 710 1010 Dostoneoi
729 942 886 1030 podem.
901 941 1065 1029 perspexit
1086 942 1216 1010 55515-

121 1049 208 1116 eobus
229 1046 450 1132 Berueysius,
466 1046 522 1131 qui
544 1065 612 1112 rem
635 1044 783 1130 exposuit
803 1065 835 1130 p.
851 1045 924 1112 584.

197 1153 288 1220 1009.
312 1169 457 1214 cousus
490 1170 528 1212 tn
560 1169 652 1216 ves.
677 1147 844 1216 Gerreotor
875 1145 1025 1232 quedrati
1059 1154 1091 1214 et
1120 1148 1217 1216 aeteri

121 1273 354 1319 conuersus.

197 1357 289 1423 1010.
312 1374 474 1418 exsensu
495 1373 590 1418 uuus
609 1372 772 1418 sunone
794 1372 1007 1419 nonnosus.
1023 1355 1096 1422 Iteli
1113 1356 1216 1422 etim-

118 1459 211 1544 pressi
238 1478 358 1523 nunus
371 1473 379 1522 .·
394 1455 569 1542 Pompeius
597 1454 823 1540 grammatiaus
848 1476 880 1540 p.
895 1456 959 1524 446
985 1458 1056 1525 siue
1088 1464 1220 1525 suetore

119 1585 229 1648 respue
238 1561 323 1645 fieri
340 1561 462 1626 ratr'oee
477 1571 638 1646 potestas.

196 1663 291 1729 1011.
325 1661 521 1728 Cnnvneus
554 1681 598 1725 un
630 1679 751 1724 sunau
783 1679 850 1724 seu
882 1672 1005 1747 vnuo',
1031 1683 1076 1727 ur
1108 1685 1217 1728 nue1s
1286 1747 1290 1756 Ι

8 1760 12 1769 ¹
118 1784 322 1848 ensesue,
339 1766 540 1830 Tumens
561 1782 799 1830 nouutsunos
821 1783 1014 1830 ERUGTANS
1037 1787 1219 1830 reuulsus

8 1873 9 1920 ἦ
117 1887 277 1952 ΔΕΒΤΠ8;
297 1867 369 1947 Qut
395 1889 517 1939 NEQUE
544 1889 635 1932 SUNT
665 1887 817 1937 USQUAM
843 1887 911 1931 NEC
936 1883 1104 1932 Possum
1132 1890 1219 1934 ESSE

117 1990 324 2035 reorncno.
341 1970 510 2038 corrector
525 1968 675 2056 quadrati
698 1974 730 2034 et
752 1968 809 2036 elii
833 1971 984 2036 Cerberus
1008 1985 1036 2037 et
1057 1991 1218 2036 ruerus.

117 2079 196 2158 mur,
211 2073 291 2158 quie
307 2073 388 2140 laas's
410 2086 573 2162 apostatem
595 2072 655 2138 sub
678 2079 765 2139 terre
786 2091 859 2140 esse
880 2073 993 2156 negari
1016 2094 1080 2140 non
1103 2073 1218 2159 debet,

117 2176 268 2244 Marullus
284 2175 402 2244 eximie
424 2189 452 2242 et
474 2177 554 2242 loeas
568 2195 712 2240 narnus
736 2177 915 2242 Tartarea:
930 2175 991 2242 hoe
1005 2176 1089 2243 enim
1105 2176 1219 2244 melius

117 2287 162 2346 eet
183 2298 284 2366 quem
307 2279 387 2346 loeis
409 2291 529 2366 epotas
554 2279 730 2361 Tartarea,
749 2278 799 2344 eui
821 2278 925 2344 minus
947 2279 1078 2364 proprie
1100 2279 1219 2346 sdsori-

116 2381 225 2448 benur
254 2381 366 2448 teneas
392 2387 425 2448 et
445 2386 573 2449 ruetus.
589 2379 622 2445 iu
652 2379 796 2446 Aeneide
822 2381 968 2448 Medioea
988 2404 1018 2465 v,
1032 2383 1091 2448 151
1117 2381 1222 2468 prima

94 2504 206 2552 -nrenu
228 2497 347 2572 egeam
369 2483 520 2568 seriptum
543 2489 593 2550 est
613 2503 673 2569 pro
696 2497 837 2571 5955155.
854 2482 912 2552 sad
935 2485 1072 2551 orationi
1087 2484 1220 2550 verbum

117 2585 202 2653 deest
229 2591 307 2653 ente
332 2605 509 2672 pronomen
536 2586 726 2672 relativum,
744 2606 850 2670 neque
878 2587 984 2673 ipsum
1014 2587 1079 2667 out
1101 2605 1221 2669 genere

115 2690 290 2758 messalino
301 2689 441 2774 positum
453 2689 613 2774 prioribus
627 2689 778 2756 eonveuit
790 2737 798 2754 .
810 2690 919 2774 itaque
927 2690 1081 2756 Marullus
1094 2687 1223 2774 scripsit

116 2795 201 2859 Haec
216 2815 318 2880 aequa
332 2804 426 2876 sent,
440 2790 527 2875 quod
542 2797 670 2876 praeter
684 2791 920 2860 Wakefieldum
936 2793 1071 2884 eiusque
1085 2791 1221 2858 imitato-

116 2914 164 2962 res
177 2893 327 2962 omnibus
342 2892 484 2979 pleouit.
500 2893 618 2978 poterit
638 2900 746 2960 tumen
761 2893 883 2962 leniore
899 2914 976 2962 oure
998 2895 1101 2960 oratio
1117 2895 1221 2976 magis

117 2998 203 3082 erigi,
216 2997 279 3064 hoo
289 2995 385 3062 modo
399 3045 406 3061 .
420 2995 572 3064 Oerberas
584 2997 729 3084 etfanae
740 2999 806 3063 sam
817 3021 889 3064 varo
901 3011 929 3063 et
944 2999 1098 3063 Tartarus
1110 2995 1222 3067 uurn‘?

5 3103 6 3183 Ῠ
116 3125 211 3188 oeque
233 3111 309 3166 sant
329 3123 464 3186 usquam
484 3123 541 3165 aee
559 3113 692 3186 poseant
713 3123 778 3166 esse
793 3100 939 3187 praefecto
956 3148 963 3164 .
983 3100 1030 3164 its
1052 3118 1149 3184 saepe
1172 3099 1223 3164 hie

3 3215 5 3274 l
117 3209 209 3288 podis
226 3253 235 3270 .
256 3203 291 3267 in
306 3222 349 3286 ιν,
365 3200 524 3280 lleQatd
537 3201 642 3268 sordes
653 3203 765 3288 plebes
780 3216 835 3268 aut
850 3203 959 3268 sauli?
974 3202 1054 3288 quid
1066 3203 1223 3278 membra?

117 3307 193 3392 qaid
212 3319 305 3372 artus
318 3303 333 3368 1
347 3303 508 3384 Quantula
528 3293 626 3370 sont!
642 3305 722 3391 quad
739 3318 906 3391 praetereo
925 3304 1107 3391 primordia
1129 3329 1222 3391 qaae·

117 3410 198 3496 que?
216 3410 332 3476 Nonae
357 3405 445 3472 eides
471 3429 567 3498 qoam
593 3408 657 3472 eim
683 3407 812 3473 subtilia
839 3432 994 3494 quamque
1020 3409 1170 3474 minuta?
1188 3408 1223 3472 in

116 3512 217 3595 reete
232 3508 321 3590 Quid
330 3559 339 3592 ‚
351 3532 453 3596 penus
474 3509 644 3594 tumeam
659 3511 834 3596 propra'tim
859 3509 899 3576 de
920 3511 1025 3596 quibo’
1039 3510 1223 3597 factumst?

200 3611 295 3680 1014.
317 3631 538 3676 rennuens.
564 3611 656 3678 1015.
680 3633 931 3684 senuerusonu
953 3633 1093 3679 nunus.
1116 3614 1224 3680 Persae

117 3735 227 3800 perum
251 3713 425 3798 diligenter
446 3713 575 3798 seripsit
593 3713 744 3781 librarius
760 3714 992 3797 (1511111223,
1009 3715 1096 3798 quod
1119 3715 1223 3782 leren-

3 3793 4 3838 1
117 3817 191 3883 dum
213 3837 279 3883 non
301 3833 373 3882 esse
395 3814 462 3882 dixi
485 3814 528 3882 sd
550 3817 619 3882 eius
646 3815 762 3884 librum
778 3839 811 3901 n,
825 3818 867 3884 66
884 3866 893 3883 .
913 3816 1011 3902 paulo
1034 3825 1107 3902 post
1128 3838 1224 3885 mem·

117 3919 238 3987 breues
251 3942 308 3986 nee
330 3942 390 4006 que
404 3920 446 3985 rit
460 3938 683 4004 eorusnuu,
702 3919 783 3987 1021
799 3968 806 3983 .
822 3940 965 3985 narnus
980 3920 1098 3987 reetius
1113 3922 1223 3988 scribi-

116 4027 280 4108 tunquam
296 4021 400 4104 laeta,
417 4039 522 4105 neque
549 4027 662 4106 peooet
688 4022 722 4086 in
751 4022 812 4088 hoo
838 4043 957 4106 genere
979 4022 1138 4107 oblongus
1161 4025 1224 4092 nisi

117 4122 167 4189 hio
188 4129 223 4190 et
244 4122 277 4188 in
299 4145 329 4208 v,
343 4124 383 4190 11
398 4123 463 4190 230
473 4171 482 4208 ,
494 4122 549 4188 ubi
572 4124 607 4188 in
621 4131 757 4208 utroque
773 4125 917 4211 loquele,
934 4124 1110 4210 quadratus
1125 4128 1223 4212 paulo

117 4227 266 4311 saepius,
282 4247 329 4312 111,
341 4226 405 4296 954
418 4247 462 4310 ιν,
474 4225 538 4294 546
552 4225 618 4294 584
635 4226 716 4292 1182
731 4247 762 4311 v,
776 4227 858 4293 1384
873 4249 916 4312 vr,
933 4228 973 4295 15
991 4229 1030 4295 16
1048 4227 1130 4294 1244
1146 4277 1154 4296 .
1170 4227 1224 4294 he·

117 4325 230 4394 bemus
252 4335 360 4394 autem
382 4328 434 4396 hie
460 4334 608 4396 suetores
630 4348 694 4394 non
722 4331 948 4412 grammaticos
970 4349 1067 4396 verse
1089 4330 1225 4396 rationis

117 4429 272 4516 ignaros,
292 4430 351 4498 sed
374 4451 430 4498 eos
452 4429 553 4496 libros
576 4451 594 4498 e
616 4430 730 4514 quibus
752 4428 982 4518 orthographia
1004 4432 1148 4514 vulgaris
1170 4452 1224 4517 op

118 4531 193 4600 time
216 4532 298 4598 dissi
319 4539 451 4620 potest,
471 4532 647 4618 Vergilium
669 4531 847 4600 Medieeum
867 4583 875 4620 ,
899 4533 1116 4602 institutiones
1138 4531 1222 4622 Gai,
