2996 5148
530 405 712 448 nunnosno
1137 385 1176 452 15

85 553 245 639 Nardium,
261 553 471 622 tlichahelem
482 555 626 640 Fayum,
642 555 755 621 rolens
766 556 1041 641 praetermittam,
1057 575 1177 641 operae

84 658 205 741 pretium
228 665 276 724 est
297 663 411 724 notare
426 661 579 728 stolidam
602 664 782 726 nostrorum
797 659 1008 744 patientiam,
1032 677 1098 742 qua
1118 679 1177 743 per

84 764 123 822 tut
140 777 260 836 annos,
283 760 344 826 hcc
363 767 412 828 est
433 762 546 830 indea
569 761 650 830 1801
675 767 706 827 et
731 760 832 842 1828,
856 760 1094 846 exemplaribus
1110 780 1177 826 cor·

83 863 282 947 ruptissimis‚
307 883 441 948 quornm
457 885 578 948 magna
599 885 675 950 pars
698 882 803 947 neque
825 863 970 947 intellegi
993 870 1103 948 posset
1124 884 1177 930 ne·

83 983 136 1046 que
161 963 202 1030 ab
228 965 307 1050 ipsis
330 969 516 1035 auctoribus
539 966 703 1034 intellecta
726 972 829 1051 esset,
858 971 1022 1050 tamquam
1049 967 1177 1051 optimis

83 1067 123 1130 usi
143 1067 206 1134 sint
228 1075 326 1151 atque
348 1070 583 1154 integerrimis.
599 1070 632 1136 in
658 1089 722 1152 quo
745 1069 771 1134 si
796 1087 877 1151 quos
900 1067 982 1133 forte
998 1068 1177 1135 Eichstaclii

82 1169 208 1236 nominis
230 1171 336 1254 gloria
350 1173 509 1256 quaedam
525 1173 671 1257 decepit,
695 1179 780 1238 certe
802 1171 1054 1238 mercennariam
1069 1171 1178 1238 Forbi-

82 1273 141 1352 geri
162 1291 314 1358 operam,
338 1274 370 1338 in
385 1294 451 1358 qua
465 1293 569 1358 neque
584 1275 667 1340 ratio
683 1274 753 1340 ulla
767 1280 853 1340 essct
866 1293 972 1357 neque
987 1272 1177 1358 diligentia,

82 1381 272 1441 conmmnere
299 1375 480 1444 debebant.
505 1377 614 1461 itaque
644 1378 732 1444 volui
765 1376 988 1442 documentum
1016 1382 1177 1462 statuere,

81 1477 182 1562 nequis
205 1479 278 1561 pari
300 1480 489 1562 arrogantia
510 1500 561 1546 res
583 1499 721 1562 magnas
744 1485 841 1562 atque
863 1476 1034 1561 difficiles,
1062 1479 1179 1562 quibus

80 1599 110 1644 se
129 1580 281 1665 imparem
305 1581 422 1664 sciret,
446 1584 609 1668 suscipere
632 1581 785 1648 auderet.
803 1581 861 1648 sed
884 1578 996 1646 horum
1018 1582 1179 1666 pravitate

80 1683 190 1748 omissa
215 1683 292 1750 licet
319 1683 395 1750 mibi
423 1685 458 1750 in
478 1705 536 1769 spe
558 1685 646 1750 laeta
667 1689 818 1766 cartaque
841 1681 936 1748 finem
960 1682 1066 1748 lacere
1088 1703 1179 1767 prae·

80 1782 181 1870 sandi,
205 1806 271 1868 qua
293 1785 406 1852 ductus
422 1787 564 1852 sumnum
579 1805 721 1870 auguror
736 1792 770 1851 ut
784 1784 924 1850 Lucretii
940 1804 1069 1851 carmen
1085 1787 1179 1852 inter·

79 1889 248 1970 pretatione
271 1887 414 1954 consors
429 1889 626 1971 illustretur,
649 1890 741 1956 cuius
765 1907 836 1954 cum
860 1887 891 1951 in
916 1885 1055 1952 hominis
1075 1890 1180 1954 cuius-

80 1987 143 2054 dam
166 1991 292 2074 egregii
316 1992 432 2058 studiis
455 1990 629 2058 iandudum
653 1993 796 2056 maxima
809 1995 957 2056 versatur
976 1990 1178 2075 expectatio,

78 2097 133 2156 tun
155 2113 261 2178 nuper
282 2095 443 2178 specimen
467 2114 546 2160 sane
569 2094 762 2160 luculentum
786 2091 942 2176 Iosephus
964 2091 1179 2160 Raisackerus

78 2191 159 2258 dedit
180 2195 213 2260 in
236 2195 438 2262 Lucretianis
460 2195 701 2280 quaestionibus
725 2196 858 2262 Bonnae
880 2214 989 2260 mense
1011 2195 1179 2262 Decembri

77 2296 245 2362 anni1847
271 2297 385 2364 editis.
409 2299 535 2365 interim
558 2318 617 2364 nos
632 2304 667 2362 ut
689 2298 864 2383 poterimus
880 2297 1097 2383 perpoliemus
1119 2296 1180 2362 hoc

79 2415 222 2482 carmen,

153 2523 186 2584 1,
213 2503 252 2568 1.
277 2503 490 2570 Asunnnun
513 2523 706 2568 οιιιιιιιιιιιι
728 2505 930 2591 cbiprima,
954 2511 989 2570 ut
1011 2505 1089 2570 dicit
1104 2503 1179 2572 Ovi-

79 2601 144 2670 dius
167 2605 201 2670 in
224 2605 362 2672 tristium
384 2607 467 2674 libro
489 2629 534 2690 ιι,
557 2607 639 2672 261.
656 2607 689 2672 in
712 2625 775 2689 quo
798 2607 869 2690 ipso
889 2607 1068 2693 principio,
1091 2607 1179 2690 quod

79 2705 236 2774 buconius
263 2709 397 2776 inseruit
424 2709 648 2794 epigrammati
671 2709 732 2792 33,
765 2709 793 2772 is
818 2710 874 2794 qui
900 2729 936 2774 se
958 2711 1179 2776 recensionem

80 2805 531 2878 brulleio-Wakefieldianam
564 2812 656 2894 sequi
689 2811 875 2896 profitetur,
904 2811 1014 2878 horum
1043 2819 1180 2896 utroque

80 2917 179 2993 spreto
207 2913 337 2998 scripsit
365 2915 492 2982 nautor
516 2913 701 2980 Amadum
726 2916 887 3000 pendas.
909 2913 966 2980 sed
996 2914 1119 2980 Probus
1147 2915 1179 2978 in

80 3019 140 3078 arte
155 3015 280 3082 minore
295 3037 325 3100 p.
339 3016 402 3084 249
417 3017 502 3100 Mai,
526 3017 619 3100 quasi
635 3015 718 3080 hauc
735 3017 884 3082 vocabuli
900 3017 1035 3084 formam
1050 3037 1091 3084 ne
1106 3037 1178 3082 nos-

81 3123 122 3180 set
135 3117 284 3200 quidem,
307 3119 549 3202 quaesivitque
564 3118 604 3184 de
619 3137 719 3184 causa
731 3120 855 3204 pendor
869 3139 927 3206 per
948 3123 965 3186 ι’
984 3127 1015 3186 et
1035 3121 1180 3205 portatrix

80 3235 166 3298 pere
192 3219 333 3286 litteram
360 3220 570 3286 scriberetur.
586 3220 699 3288 cadem
727 3222 873 3304 quaestio
900 3223 1005 3288 locum
1026 3221 1124 3288 habet
1146 3223 1179 3287 in

98 3324 209 3388 amabo
221 3329 254 3388 et
262 3323 401 3410 pent'tuia'
412 3324 464 3389 vel
473 3327 622 3409 panitur-c
638 3371 645 3386 .
662 3342 736 3388 nam
746 3325 905 3410 paneada
918 3325 1083 3393 Charisius
1094 3345 1125 3410 p.
1138 3324 1179 3388 28

67 3343 229 3502 insenum
244 3443 338 3508 sacra
353 3423 440 3492 dicat
453 3426 584 3508 nescio,
608 3426 670 3492 nisi
693 3424 775 3492 forte
788 3427 935 3511 pecualia
956 3432 1073 3508 τυχαῖα
1095 3445 1179 3511 quae

81 3526 276 3609 appellantur
291 3527 324 3591 in
341 3527 584 3594 vindobonensi
600 3528 883 3610 grammaticorum
899 3529 1025 3614 sylloge
1048 3551 1078 3614 p.
1098 3531 1178 3614 100,

79 3627 391 3711 peculiaremque
418 3631 450 3695 in
472 3629 634 3714 glossario
656 3629 846 3713 Philoxeni,
875 3651 959 3712 quae
983 3631 1026 3696 ad
1049 3632 1180 3715 genium

80 3727 134 3794 loci
147 3739 312 3815 spectant:
332 3735 494 3820 pacativae
510 3757 603 3800 casus
618 3753 675 3817 per
698 3757 713 3798 e
736 3735 806 3798 sine
822 3735 1011 3818 exceptione
1030 3735 1180 3800 scribitur

81 3829 214 3899 inlibris
235 3835 357 3901 saeculi
380 3836 463 3902 sexti
485 3842 516 3902 et
537 3836 774 3920 proximorum,
799 3854 905 3919 neque
920 3836 1015 3902 aliter
1028 3837 1180 3923 papaticis

82 3941 151 4004 nora
162 3939 359 4023 exemplaria
370 3939 504 4004 meliora
515 3938 659 4005 Suetonii
673 3987 681 4021 ,
698 3937 925 4004 Memmianum
939 3945 970 4004 et
982 3939 1179 4022 Mediceum,

83 4039 110 4104 in
129 4041 303 4108 Octaviano
325 4041 380 4124 80;
403 4047 439 4106 ut
460 4041 500 4106 N.
516 4041 670 4122 Heinsio,
694 4040 746 4124 qui
770 4040 813 4105 ad
837 4038 946 4106 Ovidii
969 4046 1179 4122 metamur,

83 4141 134 4206 331
160 4152 191 4210 et
212 4165 253 4211 ex
276 4144 378 4210 Ponto
400 4165 456 4228 111,
480 4145 520 4228 2,
546 4145 604 4209 107
634 4143 676 4208 ad
697 4144 867 4232 positivam
890 4145 1115 4230 inspiceret
1137 4143 1180 4208 ad

81 4250 207 4328 peritiae
227 4249 356 4314 nomena
370 4266 388 4312 e
403 4246 495 4312 libris
517 4247 659 4330 antiquis
681 4244 760 4310 nihil
783 4245 818 4310 in
840 4245 977 4312 schedas
999 4245 1178 4328 rettulerit,

85 4365 268 4434 nonmagna
282 4347 370 4434 apud
393 4367 444 4414 me
466 4347 546 4416 fides
569 4349 630 4431 sit,
654 4367 759 4432 neque
782 4348 932 4432 vulgaria
948 4347 1102 4414 Macrobii
1126 4367 1179 4412 ex·

87 4451 228 4534 emplaria
249 4470 377 4534 curem,
407 4450 439 4515 in
462 4451 579 4534 quibus
601 4449 819 4517 Sabrrnalium
843 4473 901 4534 ιιι,
926 4450 1039 4518 6οαιο
1061 4450 1179 4533 (immo

94 4549 180 4618 lsai-ro
194 4556 227 4620 ιἰι
240 4553 334 4637 Octo)
351 4552 392 4619 de
407 4553 518 4620 liberis
535 4553 711 4620 educandis
724 4553 887 4640 Apollinis
900 4553 1036 4638 pandici
1047 4551 1179 4616 mentio-
