3096 5142
671 387 716 454 1v
1189 387 1252 454 243

222 559 297 626 570.
329 559 430 624 Pana
463 579 610 624 sonrors
643 579 780 622 snurss
813 579 922 624 noers
949 579 1109 622 aurnuns
1137 578 1248 621 soso-

137 683 211 726 anu
233 663 404 728 Bannrr.
427 663 525 728 Reote
553 665 715 727 eorrootor
741 661 891 745 quadrati
913 668 946 726 et
967 660 1123 727 Marullus
1145 679 1250 724 soors

136 765 274 846 resecto,
289 769 325 830 ut
338 764 438 850 paulo
454 769 529 850 post
539 764 603 830 578
618 763 750 830 collutos
763 763 858 828 verbo
872 763 1091 849 repulsamus:
1105 761 1251 829 eomodo

136 867 301 954 replentia
320 867 389 932 loeo
402 868 530 933 everha
544 866 627 950 6073
643 864 758 949 nequis
781 863 863 930 forte
882 864 1056 948 ooninngat
1076 865 1188 932 solado
1210 867 1224 930 l
1241 901 1253 914 ·

136 971 180 1036 cu
196 1018 208 1052 ,
222 966 310 1051 quod
331 967 472 1036 debebat
493 987 566 1035 esse
580 966 693 1034 solidis
707 965 808 1032 sold.
827 967 897 1032 oca
918 967 1002 1033 enim
1025 973 1099 1033 suut
1119 981 1253 1034 naturae

136 1070 301 1153 loom,
322 1089 405 1154 quas
427 1071 567 1137 breviter
589 1069 667 1136 dicit
687 1082 821 1135 normas
842 1067 954 1136 (liuere
977 1067 1018 1134 de
1040 1076 1158 1136 natura
1179 1069 1253 1136 deo

136 1193 207 1238 rum
229 1192 264 1256 u,
287 1171 376 1254 144,
403 1172 488 1260 quod
514 1173 565 1238 Itos
591 1173 717 1238 naturus
744 1171 864 1238 relatae
891 1171 1105 1258 mnpla‘fieotor
1133 1195 1252 1237 sonos.

137 1271 362 1342 Wakefieldus
378 1273 581 1340 Eiehstadiua
596 1274 753 1358 Forbigor
767 1274 852 1359 lopr's
866 1275 1002 1356 reiecto,
1018 1272 1105 1357 quod
1119 1271 1253 1338 ridicule

75 1427 78 1436 .
137 1378 392 1462 interpretantur
412 1379 511 1464 quasi
529 1377 613 1465 lapis
634 1378 787 1443 reiaetoo.

224 1479 299 1545 576.
324 1499 368 1542 ar
395 1499 543 1544 usuuss
570 1499 772 1544 orsrnasos
800 1499 898 1543 voca
925 1497 1085 1544 ornuus.
1108 1477 1253 1557 Quadra-

136 1589 188 1650 tus
211 1603 348 1667 mappas
370 1579 557 1669 ἄφνω.
580 1581 650 1649 eius
673 1586 832 1648 oorrsotor
852 1603 978 1646 uanas
1000 1581 1183 1668 deponor.
1206 1582 1254 1646 sie

136 1685 216 1752 Itali
239 1690 273 1751 et
293 1683 463 1768 impressi.

225 1785 299 1854 ott.
331 1805 427 1850 noos
459 1806 599 1850 vrnana
631 1805 759 1852 onoan
782 1806 890 1850 noers
913 1835 920 1850 .
943 1785 1016 1852 Itali
1044 1791 1076 1852 et
1103 1785 1253 1869 impressi

136 1911 224 1956 nrm
245 1909 420 1952 sennenn
442 1912 550 1956 voces.

224 1991 300 2058 578.
327 2011 556 2056 inacessas
583 2011 763 2056 coturnus
789 2011 865 2055 rusr
892 1991 1022 2058 Venas
1043 2011 1253 2057 annutans-

136 2116 202 2160 nns
226 2113 438 2157 rrnnnasun
459 2115 571 2158 urens
593 2115 775 2160 anrnnnr.
797 2093 836 2159 ln
858 2095 907 2161 hia
930 2113 1034 2178 neque
1056 2096 1150 2160 verbo
1169 2095 1254 2161 dioto

134 2197 217 2270 sarri
229 2181 367 2280 possunt
378 2243 386 2280 ‚
398 2213 504 2280 neque
516 2197 673 2262 denham
683 2197 805 2284 referri
812 2245 820 2263 .
834 2198 915 2284 ipsis
926 2197 1122 2264 Veronensis
1133 2195 1252 2280 editio,

7 2309 8 2312 ’
136 2297 327 2378 Marullus,
350 2298 448 2364 ueteri
470 2302 544 2364 ante
566 2297 802 2366 Wakefieldum
824 2322 832 2365 ι
853 2298 912 2366 sed
934 2299 1089 2364 Marullus
1111 2299 1252 2382 referre,
1275 2333 1280 2344 ·

135 2401 307 2469 Bentleius
328 2401 485 2466 dealem
504 2401 570 2466 s'oto
590 2401 737 2489 referes,
759 2421 824 2468 non
845 2409 956 2468 reete.
978 2421 1053 2467 nam
1075 2420 1179 2486 neque
1200 2403 1254 2468 ite

135 2529 214 2570 rare
237 2499 428 2567 infinitivum
450 2501 512 2568 sibi
534 2501 669 2585 adiungi
691 2503 835 2588 patitur,
855 2509 1009 2588 quantum
1031 2503 1123 2588 aoi03
1146 2523 1254 2586 quam·

136 2627 238 2692 quam
260 2602 438 2670 orationem
460 2603 625 2688 obliquam
645 2604 811 2672 subiunxit
831 2606 958 2690 Attius,
981 2607 1063 2672 alera
1088 2607 1123 2670 io
1149 2605 1254 2691 qodo'

133 2708 290 2796 portr'bue
301 2743 389 2752 —-
400 2719 429 2772 et
442 2729 504 2792 quo
518 2707 620 2793 oapta'
634 2705 727 2774 modo
737 2756 746 2791 ‚
756 2707 937 2795 fortuitane
951 2706 1090 2792 auferte
1102 2719 1255 2792 repertus,

137 2808 230 2896 apud
246 2808 389 2874 Nonium
404 2827 436 2893 p.
450 2805 535 2892 425,
552 2814 584 2874 ot
598 2809 785 2894 Propertius
799 2809 919 2893 (neque
935 2807 1020 2873 euim
1042 2809 1163 2874 mutavi
1185 2827 1255 2874 sen-

138 2910 293 2994 tentiam)
304 2909 491 2997 Ouiprooul
499 2907 630 2976 Alcides
641 2911 735 2976 iterat
745 2933 897 2997 responso
908 2908 959 2976 det
969 2957 978 2991 ,
990 2929 1011 2992 ι,
1020 2907 1071 2992 20,
1079 2908 1138 2975 49:
1151 2927 1256 2993 neque

59 3041 63 3050 ·
137 3015 205 3080 ὅσια
219 3011 354 3078 collidus
367 3012 463 3079 aerbo
477 3011 590 3078 Latino
606 3011 670 3078 diei
690 3012 719 3077 is
736 3016 834 3096 poeta
854 3029 950 3096 quem
965 3009 1129 3075 Bentleius
1148 3016 1256 3076 auoto-

138 3135 210 3182 rem
225 3111 317 3180 dedit
338 3111 531 3198 persuadet.
547 3119 599 3180 est
619 3113 705 3180 enim
726 3112 756 3178 is
775 3113 912 3199 seriptor
926 3111 1054 3194 elegiae
1073 3111 1107 3177 in
1122 3117 1257 3178 mortem

140 3215 270 3299 Drusi,
292 3234 390 3300 quam
415 3215 483 3282 seio
504 3214 678 3301 Hauptiam
700 3235 807 3282 meum
828 3214 959 3283 saeeulo
985 3233 1029 3277 xv
1054 3219 1164 3279 natam
1187 3232 1258 3280 erae

140 3318 307 3404 suspioari
319 3339 328 3383 ε
342 3336 447 3401 nequo
468 3317 546 3384 mihi
569 3317 639 3385 eius
658 3337 770 3384 versus
785 3317 868 3402 220,
884 3317 939 3402 qui
961 3321 1012 3382 est
1032 3315 1126 3382 huius
1147 3315 1257 3398 modi,

141 3421 188 3488 At
202 3443 267 3487 voe
280 3417 425 3486 ademere
438 3419 570 3486 oollsdtoe
585 3421 650 3486 icto
663 3419 746 3487 redit
759 3470 768 3505 ‚
785 3419 984 3505 antiquitatis
999 3418 1139 3485 eolorem
1155 3423 1259 3484 osten·

141 3523 224 3589 dere
238 3519 367 3588 videtur
382 3569 390 3606 ‚
411 3521 462 3587 eui
478 3521 673 3589 eonveniunt
692 3522 799 3608 potius
813 3523 908 3589 eolles
922 3546 993 3588 voce
1008 3522 1066 3587 icti
1078 3527 1111 3586 et
1125 3521 1261 3586 elamore

141 3637 264 3690 moratos
285 3624 363 3707 teti,
387 3623 443 3708 qui
464 3629 539 3690 sunt
560 3623 593 3692 in
615 3624 698 3691 libro
713 3645 747 3709 11,
762 3624 850 3691 328.
872 3643 956 3690 nune
970 3623 1012 3690 de
1035 3622 1085 3689 his
1101 3621 1260 3708 Hauptius

142 3725 218 3811 ipse
244 3724 327 3790 dixit
351 3725 385 3790 in
411 3731 649 3810 programmate
675 3726 840 3810 eleganter
862 3726 980 3812 seripto
1000 3773 1008 3810 ‚
1031 3723 1119 3810 quod
1141 3723 1261 3790 editum

142 3833 198 3894 est
211 3825 317 3912 pridie
331 3825 373 3894 K.
384 3827 557 3894 Novembr.
572 3827 664 3914 1849,
680 3849 713 3914 p.
724 3828 787 3895 26.
803 3846 908 3912 neque
923 3846 986 3912 ego
1001 3851 1086 3894 eaeo
1099 3829 1163 3893 icto
1177 3845 1262 3908 quae

143 3928 261 3996 sintin
276 3926 385 3996 Ovidii
400 3930 538 3997 tristium
552 3951 586 4014 n,
600 3929 640 3997 16
654 3929 829 4014 intellego,
845 3929 903 3996 aed
925 3934 1001 4015 puto
1020 3932 1149 4014 poetam
1164 3927 1262 4012 serip-

5 4043 7 4124 ᾗ
143 4031 232 4098 s'asse
246 4031 342 4098 Tecto
355 4055 472 4098 menos·
486 4031 592 4119 refero
606 4056 720 4098 rursus
731 4031 777 4098 ad
786 4033 850 4098 s'eto
860 4029 992 4120 pedena,
1009 4029 1170 4114 quomodo
1182 4029 1265 4094 dixit

144 4133 182 4200 in
195 4153 226 4216 v,
237 4136 269 4217 4,
281 4133 325 4200 34
334 4133 402 4200 Nee
412 4131 525 4200 vellent
536 4134 616 4200 totae
631 4133 726 4202 limen
738 4133 829 4200 adire
840 4131 951 4199 domm
963 4178 971 4196 .
986 4129 1089 4198 nihilo
1102 4132 1206 4198 minus
1219 4132 1264 4197 vi·

145 4235 186 4300 tii
212 4231 324 4302 sedem
346 4231 512 4302 Bentleius
534 4241 601 4302 tum
628 4242 714 4303 reate
739 4235 905 4321 perspexit
926 4233 1055 4320 (postea
1075 4233 1118 4300 ad
1139 4233 1264 4299 Horatii

146 4355 334 4412 aemonum
356 4336 588 4423 librum1,3,'i
611 4337 763 4423 probavit
783 4335 1043 4422 Mandlianum):
1063 4333 1265 4402 seribendum

148 4443 204 4506 est
217 4438 302 4505 enim
318 4459 443 4504 nocua
457 4439 596 4527 referri.
612 4439 659 4505 ita
673 4439 759 4525 apud
775 4439 940 4506 Horatium
956 4441 1060 4504 omos'a
1074 4438 1192 4502 Doctae
1207 4436 1267 4500 iter

1001 4539 1068 4606 16*
1255 4543 1258 4556 “
