3036 5150
645 404 678 469 II
799 473 801 478 ,
1173 405 1213 469 81

124 577 365 662 hypermetrum,
397 575 524 659 qualern
551 576 602 641 hic
629 575 782 641 Marullus
810 574 937 641 efficere
963 575 1089 656 voluit,
1117 596 1212 638 unum

123 687 230 744 tantum
253 680 286 743 in
309 685 377 743 toto
400 697 498 762 opere
520 678 687 745 Lucretius
709 677 818 762 posuit
840 677 872 741 in
895 676 977 742 libro
1000 697 1036 760 v,
1054 678 1137 760 8493
1161 678 1215 743 ubi

121 779 330 846 Wakefieldua
347 778 436 844 dedit
452 781 571 864 Multa,
587 780 729 846 videmus
736 831 746 864 ,
764 781 846 846 enim
861 780 952 844 rebus
964 804 1149 846 concurrere
1164 780 1215 846 de-

121 885 198 967 leat,
212 885 245 949 in
260 902 325 966 qno
341 889 390 948 est
402 873 494 968 ’ἦθος
509 883 741 968 ineptissimum
758 931 766 948 .
787 901 828 948 ex
844 882 1015 965 tragoedia
1029 903 1126 948 unum
1143 902 1216 966 cog-

119 988 184 1051 nori
206 986 302 1051 huius
323 985 452 1067 generis
475 1004 624 1070 versum,
641 1005 735 1069 quem
759 1005 799 1050 cx
814 984 908 1050 bledo
926 986 1059 1052 Pacuvii
1083 986 1216 1070 petitum

120 1087 221 1154 Cicero
243 1087 366 1153 rettulit
386 1088 417 1152 in
441 1087 557 1152 librum
581 1088 836 1154 'lhsculanarum
857 1109 908 1172 ιιι,
925 1087 987 1170 26,
1011 1089 1113 1154 Sr'tum
1135 1089 1217 1153 inter

120 1193 177 1256 oris
191 1191 269 1276 (sic,
286 1197 363 1276 pulo
377 1213 385 1256 ι
400 1190 474 1256 libri
490 1189 562 1256 Situ
575 1192 702 1274 nitoris)
716 1192 814 1256 barba
826 1188 965 1276 poedore
977 1191 1110 1256 horrida
1125 1203 1217 1276 utque

120 1295 235 1360 abuma
255 1293 399 1380 obfuscat
417 1305 526 1378 pectus
549 1293 668 1359 inluvie
689 1294 854 1358 scabrum.
870 1292 1006 1377 primum
1029 1301 1135 1359 aulem
1158 1293 1217 1358 hae

121 1395 244 1461 duorum
277 1414 429 1462 versuum
462 1395 495 1459 in
528 1415 626 1461 unum
656 1394 950 1478 coniungendorum
984 1401 1052 1461 arte
1079 1396 1217 1460 Ennium

3 1567 4 1570 ,
121 1519 201 1564 usum
223 1517 296 1564 esse
318 1497 485 1583 Philippus
509 1497 690 1581 Wagnerns
712 1498 755 1563 ad
779 1497 922 1581 Vergilii
935 1499 1110 1582 georgicon
1125 1521 1159 1583 11,
1175 1500 1217 1564 69

123 1621 178 1666 non
192 1600 445 1666 demonstravit:
466 1620 541 1666 nam
561 1621 641 1684 quos
657 1621 770 1668 versus
785 1600 940 1667 Columna
956 1601 1059 1666 Ennio
1076 1601 1218 1686 adscrip-

125 1703 177 1788 at,
200 1728 317 1790 mapsa
340 1727 412 1768 ossa
434 1703 605 1790 lucentique
628 1710 783 1792 dpparent
805 1705 960 1787 hominis,
984 1723 1040 1770 eos
1061 1704 1217 1770 Macrobii

127 1806 312 1892 exemplaria
333 1805 368 1869 in
383 1805 510 1870 Saturn.
526 1827 569 1891 ιι,
589 1808 604 1870 l
628 1808 744 1893 partim
760 1806 899 1873 Lucretii
915 1806 981 1871 alia
996 1807 1112 1871 Lucilii
1135 1807 1217 1871 libro

123 1931 182 1973 rru
208 1911 369 1975 tribuunt:
400 1907 458 1974 sed
481 1909 672 1993 quicumque
695 1910 755 1976 hoc
777 1909 898 1996 primus
921 1927 1019 1974 ansus
1043 1915 1110 1994 est,
1142 1927 1218 1990 quo·

121 2031 187 2078 nam
209 2011 277 2078 iure
299 2011 331 2077 id
356 2011 467 2076 fecerit
489 2013 597 2078 dicere
616 2033 680 2078 non
696 2033 827 2100 possum
844 2063 851 2076 .
867 2031 942 2077 nam
965 2011 1044 2076 illud
1065 2013 1098 2076 in
1115 2010 1218 2076 Iliade

119 2121 182 2200 ter,
198 2115 298 2182 semel
320 2115 354 2179 in
376 2113 553 2198 theogonia
572 2115 706 2182 Hesiodi
729 2116 887 2200 positum,
910 2114 997 2200 quod
1020 2133 1091 2180 oum
1114 2133 1218 2198 gram-

119 2218 219 2283 matici
241 2225 368 2284 veteres
391 2217 549 2282 vocabulo
566 2217 648 2284 inter
664 2217 728 2284 duo
744 2237 856 2284 versus
873 2217 977 2282 diviso
994 2217 1216 2301 scripsissent,

120 2319 281 2386 Behherus
303 2339 388 2385 nunc
410 2326 496 2386 recte
512 2321 588 2386 lecit
604 2314 753 2407 εὐρύοπα
770 2322 859 2406 Ζῆν,
883 2320 991 2386 nullus
1006 2326 1103 2406 poeta
1119 2319 1217 2384 Grae·

118 2441 169 2489 cns
189 2423 333 2488 imitatus
357 2427 424 2488 est:
451 2442 556 2506 neque
580 2423 747 2490 dramatici
771 2423 886 2490 Graeci
909 2424 1043 2503 infinitis
1065 2423 1160 2505 loces,
1185 2429 1220 2486 ut

118 2525 295 2608 Wagnerus
319 2524 416 2610 dicit,
441 2533 497 2590 aut
518 2528 697 2611 promiscue
719 2527 780 2592 hoc
802 2523 935 2591 artificio
952 2524 1100 2591 delectati
1124 2533 1218 2609 sunt,

32 2639 41 2661 ·
116 2627 169 2693 sed
196 2627 374 2714 Sophocles
401 2633 487 2693 corto
514 2629 662 2712 quodam.
680 2633 843 2713 tempore,
870 2627 1048 2711 eodemque
1075 2634 1219 2713 tempore

116 2729 305 2816 Euripides,
336 2729 394 2796 sed
417 2730 469 2795 hic
490 2731 680 2815 parcissime
702 2751 801 2797 usus:
824 2738 1006 2814 nequeant
1029 2730 1070 2796 ab
1093 2731 1142 2796 his
1165 2737 1221 2795 aut

115 2831 155 2898 ab
170 2833 366 2918 asynartetis
381 2834 494 2898 Ionum
510 2839 541 2898 et
556 2835 701 2900 Aeoleon
721 2833 821 2899 ullum
844 2842 893 2900 est
915 2841 971 2899 aut
992 2833 1127 2899 heroicis
1151 2853 1220 2898 ver-

116 2935 202 3002 sibus
224 2943 281 3000 ant
301 2937 450 3002 iambicis
472 2937 666 3002 comicorum
687 2935 905 3022 praesidium.
930 2935 988 3002 sod
1012 2935 1098 3020 quod
1121 2935 1220 3001 homi-

114 3057 170 3103 nes
185 3037 271 3103 docti
288 3038 512 3123 hypermetros
528 3040 689 3125 syllabam
704 3039 835 3122 longam
851 3040 1014 3123 requirere
1030 3037 1220 3120 adfirmant,

1 3167 2 3176 ι
115 3141 146 3206 id
169 3142 203 3206 in
228 3141 459 3207 dodecametro
475 3140 635 3228 dactylico
658 3149 690 3208 et
711 3142 852 3207 iambico
876 3141 1075 3208 duodenario
1097 3139 1223 3206 verissi-

114 3265 197 3310 mum
220 3251 288 3328 est,
312 3264 377 3309 non
398 3244 474 3311 item
489 3245 522 3310 in
537 3245 576 3312 iis
592 3245 740 3312 versibus
762 3243 816 3328 qui
839 3253 955 3311 natura
969 3265 1028 3311 sua
1041 3244 1075 3308 in
1091 3242 1222 3325 longam

114 3335 275 3433 syllabam
297 3367 362 3414 non
385 3347 555 3414 desinunt.
573 3349 681 3432 itaque
697 3348 867 3414 Terentius
888 3348 978 3414 brevi
1001 3346 1131 3431 syllaba
1146 3365 1222 3410 usus

114 3450 208 3515 estin
225 3448 387 3516 trochaico
402 3452 519 3535 pleno,
535 3451 569 3516 in
586 3451 738 3516 Eunucho
754 3471 798 3536 rr,
817 3451 844 3535 1,
863 3451 923 3533 11,
947 3449 1106 3532 Aduerso,
1122 3461 1157 3514 ut
1171 3447 1222 3513 de-

114 3551 200 3618 lectet
220 3553 272 3617 hic
293 3576 373 3617 noa.
394 3553 454 3618 itta
476 3554 631 3630 eaeicmct
653 3552 789 3619 ‘minime
809 3555 949 3641 penatium
965 3601 974 3618 .
990 3559 1025 3618 in
1048 3552 1223 3616 conuiuium

114 3655 234 3720 illam?
243 3653 334 3719 miles
344 3655 469 3721 tendere
476 3655 550 3722 inde
558 3655 603 3721 ad
611 3657 751 3742 iurpium
761 3705 768 3721 .
778 3655 923 3722 Catullus
933 3655 966 3720 in
974 3653 1136 3740 Sapphico
1149 3653 1224 3718 hen-

115 3746 584 3842 decmyllabo'thtamamam
595 3758 739 3842 benesed
746 3757 914 3824 identidem
922 3760 1058 3824 omnium
1069 3757 1130 3822 iiia
1141 3779 1223 3820 rum·

107 3882 197 3944 perse,
209 3858 287 3924 item
299 3857 460 3925 Gallicum
471 3861 628 3947 Rhenum,
641 3861 791 3927 horribile
802 3883 933 3948 aequor,
947 3859 1136 3946 ultimisque
1148 3859 1224 3923 Bri·

113 3973 244 4025 tannos.
260 3968 375 4026 contra
385 3961 418 4026 in
431 3962 598 4049 Glyconeo
614 3964 733 4046 longae
748 3967 870 4028 tantum
886 3960 1034 4046 syllabae
1049 3963 1138 4027 locus
1155 3966 1224 4052 est3

112 4069 146 4126 ut
156 4061 246 4128 idem
259 4061 403 4129 caballus
416 4063 491 4132 Solo
502 4067 643 4155 coquito,
656 4065 713 4132 sed
724 4067 840 4131 marito
851 4070 916 4130 ista
926 4087 987 4129 non
1000 4063 1108 4130 endem
1122 4064 1223 4130 licent.

112 4165 187 4231 item
209 4166 245 4230 in
261 4163 387 4232 Cretico
403 4165 571 4232 Terentius
593 4167 626 4232 in
644 4167 769 4233 Andria
791 4187 833 4252 rr,
853 4167 881 4250 1,
898 4169 918 4254 9
940 4165 983 4230 Et
1004 4168 1120 4250 timent,
1137 4179 1165 4232 et
1180 4179 1225 4230 ta-

112 4291 179 4334 men
196 4291 250 4334 res
262 4270 379 4355 premit
394 4268 548 4356 denepare
561 4271 631 4363 ,tbi
642 4281 706 4334 tum
723 4293 828 4335 eorum
844 4267 1110 4354 inpudentissima
1125 4269 1226 4334 oratio

114 4384 175 4436 ert.
193 4370 348 4455 idemque
360 4371 393 4438 in
404 4371 552 4438 iambicis
565 4371 751 4438 acatalectis
762 4371 796 4436 in
808 4369 1001 4436 Phormione
1013 4393 1046 4455 11,
1062 4371 1090 4450 1,
1103 4371 1144 4436 63
1163 4369 1225 4433 Ne-

114 4497 172 4559 que
181 4475 345 4540 testimoni
353 4473 449 4540 dictio
461 4488 506 4539 est
518 4523 525 4539 .
542 4477 628 4541 mrito
640 4476 746 4540 omnin
757 4523 765 4539 .
778 4472 863 4540 oddo
874 4476 956 4540 ntae
968 4521 976 4558 ,
992 4471 1177 4560 imprudens
1192 4472 1227 4534 ti·

115 4579 190 4643 muit
205 4575 394 4642 adulescens
406 4625 414 4640 .
426 4579 514 4660 seito,
531 4583 563 4642 et
577 4576 723 4643 similiter
737 4577 771 4642 in
788 4576 944 4662 Adelphis
959 4597 993 4660 ιι,
1006 4576 1035 4659 2,
1049 4576 1069 4640 9
1084 4595 1129 4657 ιιι,
1141 4573 1171 4658 3,
1185 4573 1225 4638 21
