3052 5150
644 411 694 476 III
1164 413 1226 480 163

129 579 160 644 ab
173 603 205 645 os
218 579 302 669 Graj
313 603 371 646 ora
386 581 580 648 obvertebant
595 607 655 648 area
672 631 679 646 .
696 581 723 648 O
738 583 916 672 inpratiflcr'
928 585 1065 670 Arpini,
1081 585 1226 648 inmunes

128 680 204 768 θνα]
210 683 392 748 inmernorea
404 683 549 758 henotici.
562 684 707 771 Namque
719 687 779 750 heic
790 685 922 752 advento
935 735 943 770 ,
956 699 990 751 ut
1001 709 1072 751 mea
1083 709 1139 770 ope
1153 709 1226 772 opeo

130 783 233 849 Troiae
247 785 397 872 intepreru
411 833 419 849 .
431 785 530 850 Nilne
545 811 565 851 a
584 787 681 852 Troia
696 787 844 874 adportat
850 789 960 875 sanda
972 790 987 853 i
1000 789 1070 876 Epo
1079 789 1226 874 peruica-

127 887 199 950 ciam
214 889 265 952 ar'o
276 937 285 970 ,
302 912 339 952 ea
351 912 399 953 me
410 889 459 952 uti
468 888 536 954 oolo
549 938 556 952 .
570 888 712 955 Lucilius
721 889 811 974 'apud
824 890 965 955 Nonium
978 911 1008 974 p.
1022 891 1072 972 81,
1085 891 1124 955 31
1144 889 1224 955 Ouia

126 1011 213 1075 opero
228 1037 235 1053 .
252 988 394 1055 Catullus
410 990 460 1056 bis
475 1009 539 1055 uno
555 1011 669 1074 versu,
686 991 751 1058 Sed
768 993 865 1058 Troia
887 993 1040 1074 obscena,
1065 992 1162 1056 Troia
1177 992 1225 1054 c'n-

118 1091 210 1177 felice
230 1091 409 1178 sepultum,
424 1091 535 1176 Maru,
552 1101 707 1177 quantum
730 1094 817 1178 scio,
834 1094 991 1177 noviens,
1008 1093 1145 1159 Lethaei
1163 1092 1208 1157 ad
1217 1142 1225 1176 ,

8 1227 10 1284 ,
125 1193 213 1260 idaeo
228 1193 407 1278 Alcanore,
424 1193 502 1260 Coeo
516 1195 758 1284 Enceladoque,
784 1197 882 1262 Trce'a
897 1199 1048 1283 antiqua,
1075 1197 1173 1260 Troia
1188 1220 1227 1261 ea·

8 1311 10 1356 ἓ
125 1297 264 1380 ardente,
279 1297 393 1363 Troiae
409 1311 436 1364 et
451 1296 520 1379 bis,
536 1299 649 1364 Troiae
665 1297 843 1382 accidiam,
856 1300 1024 1388 Harpyiae
1039 1311 1067 1364 et
1081 1299 1228 1382 magenta,-

8 1409 10 1488 ξ
124 1397 253 1466 Ovidius
275 1398 394 1483 semel,
418 1399 444 1466 si
467 1419 578 1466 verum
602 1408 666 1486 ost,
690 1409 817 1467 motam.
833 1424 875 1486 m,
895 1403 955 1468 183
978 1404 1100 1466 Antaeo
1123 1401 1231 1486 erepat

8 1495 10 1526 l
124 1505 205 1586 (nam
219 1504 253 1568 in
269 1501 426 1568 fastorum
443 1523 485 1585 m,
502 1503 565 1570 264
580 1510 686 1589 potest
700 1503 796 1570 scribi
812 1504 972 1589 Ideeoet);
993 1503 1124 1568 Persius
1139 1523 1171 1585 n,
1187 1503 1226 1568 19

8 1609 10 1688 l
123 1605 292 1672 6131916163
306 1629 348 1670 an
360 1605 479 1671 scilicet
491 1607 599 1672 haeres
612 1609 626 1671 i
641 1606 766 1674 Seneca
778 1607 810 1670 in
823 1606 999 1692 Hippolyto
1015 1605 1073 1668 147
1090 1605 1226 1670 Lethaeo

124 1708 255 1775 ahddurn
263 1733 275 1791 ,·
285 1708 435 1775 Lucanus
452 1709 725 1797 Pompejr‘pnaoo,
739 1709 872 1797 Pompej
884 1721 927 1794 et,
943 1729 985 1791 vi,
998 1708 1061 1774 589
1078 1728 1131 1792 vn,
1147 1707 1226 1788 1963

124 1810 238 1878 Statius
254 1811 408 1877 Nemeaei
420 1810 465 1876 ad
473 1859 483 1895 ,
505 1811 654 1878 Cirrhaei
666 1814 719 1895 in,
741 1811 910 1898 Ephyraeo
926 1813 980 1894 in,
1002 1811 1156 1875 Nemeaea
1171 1810 1225 1891 in,

122 1911 213 1980 Theb.
226 1936 248 1997 1,
258 1913 324 1980 575
336 1913 397 1979 641
412 1933 452 1998 vi,
466 1913 571 1997 2531,
584 1914 661 1998 4993
678 1913 775 1980 Silius
788 1935 832 1997 111,
844 1912 908 1980 565
926 1913 1040 1978 Troiae
1052 1924 1204 1977 extremae
1217 1957 1225 1994 ,

122 2036 148 2098 r,
162 2017 221 2083 164
239 2016 377 2101 Tarpeio
391 2016 568 2102 imponere,
581 2017 725 2099 v111,414
742 2017 946 2103 Therapnaeo
963 2039 1003 2097 a,
1019 2033 1084 2096 xiv,
1100 2013 1141 2079 26
1157 2013 1226 2100 Hy-

8 2179 10 2198 ,
122 2118 201 2185 hlaeo
224 2117 395 2184 accedere.
415 2123 578 2203 postremo
595 2119 627 2182 in
643 2125 758 2202 quarta
774 2139 913 2202 genere,
930 2116 987 2182 ubi
1009 2115 1132 2182 vocalis
1155 2115 1226 2180 bre-

8 2253 10 2272 ·
121 2221 166 2286 vis
187 2229 237 2288 est
258 2225 334 2305 post
355 2219 608 2306 diphthongum,
639 2222 698 2286 etsi
720 2239 787 2286 non
808 2222 908 2286 nimia
930 2239 1003 2286 esse
1024 2217 1151 2284 videtur
1173 2215 1227 2280 611-

8 2311 10 2358 ³
121 2324 214 2390 sionis
231 2323 431 2407 insuavitas,
449 2323 549 2390 nihilo
565 2324 669 2388 minus
684 2325 840 2409 pauciora
850 2323 902 2389 hic
918 2341 1014 2408 qnam
1030 2321 1063 2386 in
1079 2319 1226 2406 proximo

8 2457 10 2514 2
120 2444 235 2508 genero
257 2424 367 2490 notavi
391 2427 566 2511 exempla.
599 2426 691 2492 nulla
713 2427 841 2493 omnino
865 2431 976 2492 extant
998 2422 1087 2509 apud
1108 2423 1226 2488 Teran-

8 2523 10 2600 ἒ
120 2527 212 2610 tium,
232 2527 436 2611 Lucretium,
454 2529 641 2614 Horatium,
658 2528 837 2614 Tibullum,
854 2529 1022 2612 Gratiam,
1038 2524 1226 2602 Manilium,

120 2628 364 2714 Germanicum,
388 2627 563 2715 Senecam,
589 2632 769 2696 Martialem
787 2680 794 2696 .
810 2651 907 2696 unum
923 2629 1073 2695 Latinum
1090 2628 1227 2694 vocabu-

8 2731 10 2826 1
119 2730 178 2798 lum
190 2733 280 2799 elisit
292 2731 425 2798 Plautus
437 2781 445 2816 ,
458 2735 557 2819 quoia
572 2747 650 2800 earet
665 2743 697 2800 61
709 2735 806 2822 quoia
818 2757 856 2799 ea
866 2727 908 2798 ae't
918 2733 950 2797 in
965 2732 1094 2796 hiemat.
1106 2751 1127 2812 1,
1141 2729 1171 2812 2,
1185 2729 1225 2794 87

8 2847 9 2868 *
119 2840 148 2899 et
160 2855 205 2921 1v,
217 2834 250 2918 3,
265 2833 304 2898 21
319 2882 327 2917 ,
347 2827 420 2899 item
434 2837 532 2920 quoia
546 2835 592 2902 ad
601 2839 692 2902 auria
703 2837 737 2902 in
749 2835 897 2902 Rudente
913 2843 946 2914 11',
959 2832 989 2916 3,
1003 2831 1039 2915 23
1055 2851 1153 2895 unum
1170 2831 1228 2896 La·

119 2935 213 3001 tinum
233 2934 355 3003 Statius
373 2936 473 3002 Theb.
490 2959 524 3016 11,
538 2939 601 3006 609
621 2945 654 3004 et
667 2939 833 3006 Iuvenalis
848 2959 891 3020 v1,
904 2935 988 3018 516,
1010 2933 1162 3017 Plateia,-
1180 2933 1228 2999 Si·

119 3037 177 3105 lius
192 3039 334 3125 Tarpeia
347 3059 389 3122 vr,
404 3039 464 3106 103
480 3060 534 3123 vn,
548 3040 591 3107 56
606 3061 637 3125 x,
650 3041 712 3107 337
728 3063 796 3127 xm,
809 3038 883 3124 843,
899 3035 985 3102 idem
997 3035 1103 3102 Graia
1118 3057 1173 3120 111,
1185 3035 1226 3100 41

119 3142 254 3226 mv,338
268 3164 276 3205 ε
289 3140 394 3206 Grata
405 3141 554 3208 Lucanus
566 3161 694 3228 quoquo
707 3166 735 3230 v,
747 3145 812 3212 419
824 3147 857 3208 61
869 3138 1013 3225 Sulpicia
1024 3137 1056 3202 in
1068 3137 1228 3204 satira29.

120 3241 246 3310 Graeca
260 3249 320 3309 ant
333 3263 354 3309 a
369 3242 503 3310 Graecis
526 3243 665 3312 deducta
687 3255 763 3313 sunt
783 3243 871 3332 apud
887 3244 1034 3310 Plautum
1049 3240 1230 3328 Hymenaee

121 3345 199 3412 abiu
214 3346 337 3414 Casina
351 3367 393 3432 iv,
405 3347 435 3432 3,
450 3345 471 3413 3
487 3353 518 3413 et
535 3348 593 3433 10,
611 3347 748 3415 OTroia
763 3373 780 3416 o
790 3349 905 3436 patria
920 3345 953 3410 in
970 3341 1085 3408 Bacch.
1100 3363 1143 3428 rr,
1155 3343 1185 3427 9,
1198 3345 1228 3428 9,

119 3447 234 3514 Lucilii
258 3447 346 3532 quod
367 3447 465 3515 habet
481 3449 605 3516 Nonius
628 3471 661 3536 p.
677 3451 749 3536 360,
765 3451 807 3517 28
824 3451 940 3516 aulaea
963 3445 1123 3528 obducite,
1140 3446 1229 3532 apud

120 3549 279 3616 Catullum
301 3552 376 3617 item
391 3553 572 3640 Hymenaee
588 3556 618 3619 io
635 3558 667 3618 61
682 3555 865 3641 Hymenaee
881 3552 1026 3638 Hymen,
1046 3547 1132 3632 apud
1153 3549 1230 3615 Ver·

119 3653 232 3734 gilium
248 3653 402 3740 Panpaea
424 3668 472 3737 et,
492 3655 587 3720 Troia
608 3662 722 3739 quater
738 3706 746 3722 .
763 3657 839 3723 item
854 3650 1014 3738 Propertii
1038 3656 1088 3716 est
1102 3673 1132 3736 v,
1146 3652 1176 3736 l,
1189 3652 1228 3718 91

120 3753 259 3822 Lethaea
271 3754 317 3821 ad
325 3768 440 3842 atapna
451 3803 459 3838 ,
472 3754 581 3823 Ovidii
593 3763 720 3824 mutam.
737 3779 802 3843 x1v,
815 3757 876 3824 248
892 3777 945 3838 κν,
959 3753 1021 3819 118
1033 3752 1166 3820 Circaea
1178 3754 1230 3837 ad,

120 3855 252 3924 Oircaea
264 3872 292 3924 et
303 3859 448 3942 ,Valerii
461 3857 566 3926 Flacci
583 3883 638 3946 vu,
653 3861 711 3928 191
728 3863 836 3927 Aeaea
847 3863 880 3926 in
894 3858 1017 3923 moenia
1029 3907 1036 3922 .
1048 3856 1096 3922 ita
1110 3856 1233 3922 Statius

121 3959 283 4045 Dercaea,
300 3963 477 4045 Nemeaea,
495 3963 634 4030 hethaea
645 3963 695 4029 bis
706 4013 715 4046 ,
732 3964 931 4050 Phleqraoa,
947 3959 1094 4042 morea,
1113 3961 1230 4043 Troia,

120 4059 217 4130 Silina
232 4085 297 4147 xm,
315 4065 377 4131 180
390 4065 583 4152 Ephyraea.
600 4070 701 4132 restat
714 4065 785 4131 heia
797 4062 998 4146 interiectio,
1015 4080 1111 4144 quam
1127 4069 1231 4128 utrum

121 4166 236 4232 tertiae
258 4185 300 4232 an
323 4173 458 4251 quartae
481 4166 577 4232 classi
601 4165 783 4233 adscribam
800 4164 897 4231 valde
912 4163 1043 4246 ambigo
1060 4212 1066 4228 .
1084 4183 1155 4231 eam
1170 4163 1232 4230 Va-

120 4264 234 4333 lerium
250 4267 401 4335 Flaccum
417 4269 611 4353 corripuisse
627 4268 748 4354 didici,
765 4269 819 4354 qui
836 4267 954 4333 dixerit
968 4267 1002 4331 in
1017 4287 1085 4352 vm,
1107 4267 1169 4333 110
1183 4267 1234 4330 616

120 4391 177 4452 per
199 4371 328 4458 speum.
350 4371 512 4438 Ausonius
535 4391 606 4436 cum
635 4372 667 4436 in
695 4370 900 4457 ephemeride
923 4368 1051 4454 scripsit
1073 4369 1161 4434 Puer
1183 4370 1234 4432 aa

124 4493 216 4558 serpe
239 4485 267 4538 et
288 4473 428 4558 cabeor,
452 4473 531 4557 quid
547 4473 684 4540 voluerit
699 4475 854 4542 incertum
869 4477 938 4554 est,
962 4471 1114 4555 quoniam
1131 4469 1165 4534 in
1180 4487 1232 4535 66·

126 4569 196 4637 bem
220 4575 364 4642 carmine
387 4575 470 4641 hune
493 4575 684 4642 versiculum
706 4576 834 4661 posuit,
851 4576 915 4640 Rei
931 4571 1058 4638 divinae
1073 4573 1164 4658 copta
1180 4583 1233 4636 eet.

969 4673 1033 4738 11*
