3186 5146
289 359 355 422 424
828 355 874 422 VI

292 530 407 595 melius
430 535 515 595 certe
539 529 578 594 iis
602 529 655 612 qui
680 527 846 614 pueriliter
867 531 1039 611 peccantes
1058 525 1203 592 feceruut
1216 551 1343 592 maeror
1358 529 1406 592 is.

293 632 350 698 sed
375 633 435 698 boc
457 650 561 716 neque
576 631 756 697 sententiae
771 633 881 716 aptium
897 634 947 694 est
961 627 1049 713 (quis
1064 629 1148 694 enim
1165 630 1320 695 maiorem
1334 649 1408 714 par·

292 743 356 802 tem
379 735 613 817 agricolarum,
630 751 701 798 cum
725 739 896 816 aegrotare
919 731 1121 816 coepissent,
1143 732 1176 796 iu
1199 731 1311 798 urbem
1333 752 1408 799 con-

292 837 425 903 fluxisse
441 831 607 922 creduli),
624 841 655 901 et
672 836 726 918 qui
743 855 870 902 versum
887 833 995 899 facere
1010 831 1177 900 didicisset
1191 843 1248 899 aut
1262 859 1303 902 ec
1316 838 1409 922 apris

292 943 322 1004 ir
336 963 460 1005 8188181
479 939 663 1024 scripsisset
678 945 735 1003 aut
753 938 862 1022 potius
876 937 926 1002 bic
947 959 987 1002 cc
1001 938 1090 1022 apris
1105 961 1249 1003 1888181.
1266 937 1407 1023 denique

293 1041 429 1126 septimo
444 1040 533 1106 urbis
549 1042 698 1106 conditus
714 1040 846 1106 sacculo
865 1057 979 1122 nemo,
1002 1038 1064 1102 nisi
1085 1038 1199 1124 fallor,
1223 1040 1333 1105 dicere
1351 1059 1408 1125 po·

293 1145 353 1208 tuit
367 1167 511 1228 moeros.
535 1141 616 1207 dixit
637 1141 767 1226 quidem
783 1141 951 1207 Lucretius
973 1142 1056 1206 coloe
1076 1147 1109 1206 81
1122 1166 1241 1229 capos,
1256 1142 1334 1208 ilem
1348 1142 1407 1207 clii

293 1244 479 1310 loamedon
495 1245 581 1312 labos
597 1245 698 1330 lepos,
715 1243 772 1309 sed
789 1243 897 1309 omnia
912 1249 986 1329 post
996 1243 1126 1310 brevem
1138 1244 1300 1330 syllabam
1314 1264 1407 1330 prae-

294 1353 342 1412 ter
363 1349 456 1413 arboc
478 1347 687 1412 femininum.
709 1351 822 1410 contra
841 1369 953 1431 cepres
968 1353 1001 1411 et
1014 1371 1102 1412 amos
1122 1347 1155 1411 in
1170 1347 1232 1412 hcc
1246 1347 1328 1413 libro
1345 1347 1407 1412 Lu·

294 1450 383 1514 cretii
401 1450 483 1514 1132
503 1450 582 1514 1187
599 1448 708 1513 nullus
723 1453 870 1514 auctores
889 1446 1028 1514 babent.
1048 1449 1165 1514 clamos
1175 1497 1184 1532 ,
1205 1448 1293 1533 quod
1309 1448 1407 1528 Quin·

293 1551 427 1617 tilianus
446 1552 480 1616 in
500 1573 520 1636 1,
537 1551 567 1636 4,
591 1552 630 1615 13
653 1550 816 1616 veteribus
839 1549 1012 1626 adscribit,
1034 1549 1177 1616 Ennium
1196 1551 1319 1617 dixisse
1341 1571 1406 1616 uon

294 1654 421 1736 negabo
455 1654 520 1720 illis
554 1652 722 1735 versibuS,
759 1652 894 1717 Tollitur
926 1654 961 1717 iu
987 1653 1107 1718 casium
1135 1654 1253 1720 clamos
1279 1667 1408 1720 exortus

294 1759 472 1843 utrobique,
500 1758 624 1822 Clamor
650 1755 696 1820 od
721 1755 841 1820 coelum
869 1754 1031 1820 volvenda’
1055 1780 1116 1842 per
1144 1768 1222 1821 cliro
1243 1759 1351 1842 capit,
1374 1756 1408 1822 in

295 1858 412 1943 quibus
435 1860 555 1924 clamor
577 1865 625 1926 est
647 1858 733 1944 apud
748 1856 945 1922 Macrobium
968 1857 1001 1922 in
1017 1856 1145 1922 Saturn.
1162 1861 1238 1942 v1,l
1264 1865 1296 1924 et
1319 1859 1407 1944 apud

293 1961 470 2027 Varronem
494 1960 534 2027 dc
557 1962 670 2045 lingua
686 1961 803 2026 Latina
825 1979 869 2022 vu
887 1979 919 2043 p.
931 1960 1015 2025 381:
1038 1959 1096 2025 sed
1119 1961 1151 2025 in
1175 1962 1263 2044 alic,
1285 1963 1342 2045 qui
1358 1969 1409 2027 cst

294 2063 380 2148 apud
396 2064 524 2128 Festum
540 2085 571 2148 p.
583 2064 657 2144 375,
669 2065 706 2142 8,
723 2062 836 2128 codem
852 2063 922 2127 iure
935 2063 1001 2142 Qui
1009 2063 1126 2128 elusam
1140 2064 1238 2130 scribi
1255 2067 1361 2148 potest
1375 2071 1408 2130 et

277 2207 281 2216 ι
295 2167 361 2244 Qui
379 2167 519 2231 clamore.
536 2167 750 2254 oppupcaatis
760 2175 779 2249 ‚'
793 2189 907 2252 vapore
928 2165 1067 2230 8818811.

383 2267 475 2334 1262.
515 2267 637 2334 01111
676 2287 911 2332 concisurus
948 2288 1044 2332 noos
1082 2288 1293 2347 rnorsuue3
1333 2289 1406 2340 oco

293 2391 409 2432 uscrs
443 2391 582 2434 snsrus
617 2371 837 2448 Qousnnros
874 2392 935 2434 rru
969 2391 1184 2434 scnnvsrnr
1216 2391 1313 2435 uorsa
1345 2393 1407 2435 so-

294 2493 539 2538 euuunnnnr.
564 2472 730 2540 Ocrrcctor
752 2473 886 2556 oblongi
908 2473 1100 2539 condebant:
1122 2473 1182 2540 sed
1203 2481 1291 2540 recte
1313 2475 1407 2540 Lam-

293 2575 388 2643 binus
404 2596 664 2642 oournnssur.
689 2580 754 2640 tum
770 2575 947 2660 quadratus
962 2599 996 2642 co
1011 2577 1116 2662 inopis
1131 2589 1233 2642 cetus.
1253 2575 1306 2642 hic
1320 2577 1406 2642 idem

293 2676 468 2744 Lambinus
492 2702 552 2764 quo
574 2701 665 2764 mope
688 2701 738 2744 coa
759 2692 846 2744 tam:
867 2677 926 2744 sod
947 2701 1037 2764 mope
1060 2678 1173 2744 ultima
1194 2679 1301 2746 vocali
1324 2679 1408 2746 elisa

293 2801 358 2846 non
382 2780 498 2846 dicitur
520 2781 553 2846 in
575 2798 672 2846 vorsu
694 2779 902 2865 hexametro,
925 2800 995 2846 cum
1019 2799 1037 2845 e
1059 2782 1221 2848 contrario
1243 2781 1277 2847 in
1299 2781 1407 2848 Plauti

293 2903 332 2950 ac
347 2883 488 2974 Terentii
505 2881 623 2948 fabulis
638 2902 703 2948 non
718 2882 902 2948 inveniatur
916 2883 979 2948 nisi
995 2888 1070 2948 ante
1084 2886 1216 2949 vocales
1231 2884 1405 2969 scriptum.

293 2983 370 3048 mibi
399 3005 464 3049 non
491 2983 619 3050 videtur
645 2984 777 3050 dubium
805 3004 876 3050 esse
904 2985 983 3068 quin
1011 2985 1215 3052 scribendum
1242 2987 1286 3051 sit
1311 3007 1404 3051 ssru

293 3087 469 3174 Confertos,
487 3086 631 3153 ablativo
648 3106 740 3154 casu:
756 3107 832 3152 nam
847 3087 1032 3153 Priscianus
1047 3109 1078 3173 p.
1095 3087 1176 3165 1012
1191 3101 1276 3173 astu,
1288 3090 1407 3174 inquit,

292 3213 402 3254 comeo
418 3202 463 3254 eat
477 3188 699 3255 indeclinabile
714 3189 866 3276 quomodo
882 3213 992 3272 ccmo,
1014 3195 1046 3256 ct
1058 3191 1094 3255 ia
1110 3204 1181 3278 asty
1196 3189 1312 3258 codem
1327 3211 1407 3258 casu

293 3291 442 3357 scribitur
465 3291 553 3376 apud
576 3291 755 3358 Vitruvium
778 3292 810 3357 in
833 3291 1036 3376 praelatione
1058 3291 1133 3358 libri
1155 3313 1202 3357 vn
1215 3295 1246 3374 ἕ.
1260 3293 1311 3378 17,
1327 3294 1405 3360 item

292 3393 326 3458 in
348 3415 416 3478 vm,
429 3394 460 3477 3,
476 3394 511 3458 6.
543 3397 545 3400 ’
1004 3469 1007 3474 ,

380 3496 471 3562 1264.
496 3497 628 3560 Munrs
652 3517 725 3560 srrr
747 3517 965 3561 enosrnsrs
981 3517 1072 3562 vinu
1091 3519 1162 3562 ssa
1176 3519 1330 3570 succus
1345 3521 1405 3566 vo-

291 3618 386 3661 1818
403 3596 581 3662 Cosconi
597 3621 751 3664 srnsuos
768 3622 814 3664 sn
831 3621 1011 3672 scurnum
1027 3621 1173 3666 srnsrs
1189 3623 1404 3668 recussus.

291 3699 445 3783 Impressi
461 3723 596 3765 incuss
605 3724 622 3764 u
631 3723 663 3766 1.
680 3703 712 3768 in
729 3703 778 3768 lis
793 3727 928 3790 corpora
942 3705 1000 3770 siti
1006 3715 1171 3789 prosim
1185 3717 1287 3770 strato
1301 3707 1406 3773 iacere

292 3801 354 3866 dici
377 3802 474 3868 valde
496 3803 633 3888 probant
656 3805 812 3890 exquisiti·
829 3805 939 3871 iudicii
963 3805 1044 3888 viri,
1068 3803 1294 3888 Eichstadins,
1315 3806 1404 3874 Orel-

290 3903 374 3988 lius,
392 3903 569 3988 Fcrbiger,
593 3927 663 3971 oum
680 3906 903 3973 Wakefieldus
920 3909 978 3973 bic
999 3927 1083 3973 unus
1106 3908 1249 3974 omnium
1269 3909 1314 3975 ad
1336 3929 1404 3975 rem

291 4005 494 4071 manifestam
510 4009 619 4074 oculos
634 4009 862 4094 applicuisset.
879 4010 937 4076 sed
952 4009 1038 4075 idem
1053 4009 1225 4076 infeliciter
1235 4011 1404 4097 temptavit

290 4109 411 4174 ss'iaaoe
433 4109 479 4174 od
499 4135 657 4195 aquarum
678 4124 798 4176 structo
820 4113 985 4178 iacebant:
1006 4111 1068 4177 hoc
1090 4111 1177 4206 enim
1194 4133 1323 4180 omnem
1338 4135 1403 4180 mo-

290 4210 366 4276 durn
389 4217 542 4296 superat.
569 4211 775 4278 scribendum
798 4220 846 4280 est
868 4213 973 4278 Multa
994 4215 1052 4279 riti
1070 4234 1297 4280 enornnoru
1318 4218 1404 4282 mara

286 4337 347 4398 per
365 4337 487 4400 proque
509 4313 802 4397 881818,11(1811881
823 4315 875 4380 siti
898 4321 1061 4401 protracta
1076 4335 1117 4382 cx
1131 4316 1288 4384 aedibus.
1304 4338 1404 4404 snpra

289 4415 352 4480 605
376 4422 445 4480 crat
467 4415 643 4482 substracto
664 4437 723 4502 pro
746 4419 923 4484 cabtrocto:
945 4417 978 4483 in
1000 4439 1043 4502 11,
1057 4419 1120 4482 411
1137 4418 1201 4485 415
1223 4418 1402 4504 quadratus

289 4517 465 4582 substracto
487 4523 519 4582 et
540 4531 658 4584 structa
679 4539 739 4604 pro
762 4520 920 4585 substrata
942 4525 1114 4586 81811818.
