2996 5148
552 443 596 507 Vl

43 623 186 701 propterea
205 615 239 679 fit
259 616 304 680 uli
327 633 412 697 quae
435 615 559 680 nemina
581 633 716 695 numque
739 612 839 678 habet
860 613 945 696 iguis

42 732 173 810 ‹limittal3
188 732 277 814 quasi
300 748 400 814 saepe
422 729 550 814 gelum,
568 727 653 810 quod
677 729 816 792 eontinet
838 728 870 791 in
893 747 947 812 ee,

43 847 115 910 mittit
135 852 163 910 et
183 846 302 911 exolvit
322 845 459 930 glaciem
483 843 650 924 nodosque
672 842 817 907 relaxat.

71 959 202 1042 Frigidus
225 967 274 1026 est
298 959 394 1024 etiam
417 958 508 1036 fons,
527 979 624 1042 supra
647 977 739 1039 quem
765 959 826 1022 sita
847 977 946 1042 saepe

15 1085 134 1160 osluppa
153 1076 224 1140 iacit
244 1074 407 1140 flammam
430 1081 583 1159 concepto
608 1073 750 1157 protinus
771 1071 859 1156 igni,

41 1189 172 1273 taedaque
193 1190 353 1255 consimili
375 1158 498 1254 ratidne
521 1208 658 1254 aceensa
680 1207 740 1272 per
761 1186 865 1252 undas

42 1305 174 1386 ronlueut,
193 1326 255 1386 quo
279 1324 415 1386 eumque
439 1312 557 1368 natans
579 1303 751 1388 impellitur
773 1303 880 1366 auris.

43 1419 64 1480 ui
82 1419 199 1504 urinum,
216 1421 295 1502 quia
318 1420 447 1484 suntin
469 1439 557 1501 aqua
578 1418 737 1503 permulta
758 1417 889 1501 vaporis

44 1535 159 1618 senine,
175 1534 215 1600 de
238 1541 393 1616 terraque
417 1540 578 1600 neeessest
603 1531 744 1598 funditur
766 1533 838 1617 ipsa

15 1647 105 1728 nigris
123 1671 252 1734 corpora
275 1669 336 1734 per
357 1655 457 1714 totum
480 1667 672 1732 consurgere
694 1647 814 1714 sontem

40 1773 61 1826 et
78 1765 155 1829 simul
179 1765 348 1850 exspirare
371 1763 460 1838 fotae
483 1765 633 1846 exireque
655 1764 688 1828 iu
711 1783 827 1846 auras,

42 1897 85 1942 non
104 1880 141 1944 ita
163 1881 266 1946 multa
290 1885 419 1962 tamem
436 1877 557 1944 calidus
581 1887 679 1960 queat
699 1885 733 1942 ut
754 1879 821 1942 lieri
845 1879 938 1962 fons,

43 2001 177 2076 propterea
199 1997 352 2079 dispersa
373 1993 459 2059 foras
482 2014 649 2078 erumpere
672 1994 758 2076 cogit

45 2109 73 2168 ris
90 2130 139 2192 per
159 2132 281 2194 aquam
306 2110 410 2174 subito
434 2129 624 2192 sursumque
647 2127 687 2174 ea
710 2109 893 2174 ooneillari.

15 2249 31 2271 ¹·
47 2225 98 2302 pud
117 2245 218 2308 genua
242 2223 329 2291 endo
354 2225 463 2290 marist
485 2224 584 2290 Aradi
608 2224 699 2306 sous,
717 2223 820 2289 duleis
842 2224 939 2306 aquai

52 2339 77 2416 qu
92 2342 180 2404 scatit
200 2347 234 2406 et
257 2340 364 2406 salsas
386 2340 503 2404 nircum
527 2359 562 2405 se
585 2340 724 2404 dimovet
747 2338 871 2404 undas:

48 2455 168 2520 etmultia
190 2457 267 2520 aliis
290 2455 424 2539 praebet
445 2455 631 2536 regionibus
653 2473 774 2536 aequor

44 2567 171 2634 uilitatem
197 2577 413 2655 opportunam
437 2563 606 2634 sitientibu’
630 2570 754 2654 nautis,

43 2683 101 2758 quod
121 2685 221 2750 duleis
246 2687 331 2750 inter
353 2685 460 2750 salsas
482 2683 563 2750 inter
586 2685 683 2749 vomit
705 2685 832 2750 undas.

16 2793 71 2858 usic
88 2797 171 2880 igitur
193 2819 254 2884 per
278 2819 351 2864 eurn
372 2807 507 2882 possunt
528 2819 693 2882 erumpere
715 2799 831 2864 sontem

40 2920 60 2968 rt
75 2921 182 2978 scatere
204 2915 267 2978 illa
290 2913 376 2978 sorae
398 2913 430 2977 in
454 2919 601 2996 stuppam
625 2913 768 2992 semina;
785 2935 847 2995 quo
871 2934 941 2978 eum

41 3029 201 3093 unveniunt
224 3029 337 3093 autin
360 3027 468 3092 taedai
492 3048 626 3112 corpore
648 3027 844 3114 adhaerent,

39 3139 179 3207 ardescunt
201 3143 303 3208 sanilo
326 3143 721 3228 exremp10‚qniamurta
744 3162 871 3224 quoque
894 3143 924 3208 in
949 3163 982 3206 se

39 3253 133 3320 senine
156 3258 280 3324 habent
301 3257 386 3342 ignis
408 3263 543 3342 stuppae
567 3255 746 3338 taedaeque
768 3259 924 3341 tepentis.

17 3381 120 3434 lronne
140 3370 232 3437 vides
257 3372 352 3436 eliam
366 3423 374 3448 ‚
390 3381 546 3438 nocturna
568 3371 609 3436 ad
633 3372 755 3436 lumina
777 3373 876 3436 linum

38 3497 114 3562 nuper
132 3487 185 3552 nbi
209 3487 384 3552 extinctum
407 3486 603 3562 admoveas,
619 3485 788 3552 ueoeudier
811 3495 886 3552 ante

38 3613 111 3670 *ruam
132 3600 236 3684 tetigit
257 3597 439 3678 flammam,
455 3601 649 3682 taedamque
672 3601 743 3686 pari
765 3601 917 3666 ratione?

38 3709 174 3794 multaque
196 3721 367 3798 praeterea
387 3715 476 3800 prius
499 3714 569 3798 ipso
591 3721 675 3780 tuoto
697 3735 818 3798 vapore

38 3825 135 3890 eniuns
156 3829 331 3894 ardescunt
353 3847 448 3910 quarn
473 3830 648 3894 comminus
672 3830 793 3896 irubuat
814 3830 917 3912 ignis.

18 3931 81 3999 ulle
99 3939 189 4022 igilur
212 3942 282 4006 lieri
305 3961 432 4024 quoque
455 3943 486 4006 in
510 3943 565 4007 illo
589 3943 678 4010 fonte
702 3944 925 4028 putandumst.

42 4111 45 4116 .
63 4117 122 4126 -.-..

41 4235 77 4280 Αῖῖ
93 4237 213 4290 Dernittat
237 4242 251 4308 Η
276 4245 326 4292 878
345 4243 474 4308 nubesque
500 4242 519 4312 Η
541 4248 591 4296 879
611 4246 701 4310 Frigus
728 4245 740 4314 Η
768 4251 818 4326 889
838 4250 898 4300 lucit
919 4248 932 4318 Η
953 4251 1001 4300 88ῒ
1022 4251 1103 4300 muira
1123 4249 1136 4320 Η

44 4328 80 4361 ‘⁸⁸
96 4323 206 4378 l'rnterea
225 4329 239 4396 Η
260 4333 310 4378 889
322 4333 476 4382 conciliare.
497 4331 511 4400 Η
532 4336 582 4382 890
601 4335 751 4398 rrrurisparat
771 4339 784 4399 Η
804 4338 853 4384 892
867 4345 965 4400 praeter
985 4337 998 4405 Η
1018 4341 1068 4388 894
1082 4340 1137 4388 dul·

54 4417 67 4452 9
84 4408 94 4475 Η
113 4413 158 4461 896
171 4431 219 4478 que
239 4414 252 4484 Η
273 4419 321 4466 897
337 4418 401 4468 deda
413 4436 520 4483 uurpura
541 4418 554 4488 Η
574 4423 625 4468 898
639 4421 681 4482 qui
702 4421 715 4488 Η
736 4424 785 4470 899
801 4431 927 4474 tenentes.
943 4425 956 4492 Η
978 4427 1028 4473 909
1043 4427 1137 4476 luuriuu
