3110 5146
334 352 399 421 352
865 348 910 415 Vl

420 523 472 586 47.
496 521 808 600 Qusunoournnu
836 540 954 583 seusu
976 539 1157 583 rssreunu
1180 517 1429 582 oousoesnne'e

335 644 487 690 cuneum
510 623 722 690 Vuunoenu
750 643 938 687 extensum
966 639 1191 686 ennoeunun
1220 641 1331 686 ouum
1351 641 1430 684 eun·

334 726 527 812 suu‚Q11n
557 746 717 790 FUBRIM'
744 745 824 790 SINT
855 746 1025 790 Pnncs'ro
1054 744 1247 789 GONVBRSA
1274 743 1429 790 MVORE.
1531 753 1532 756 ’

334 828 519 909 Quadratus
547 835 579 894 et
607 849 628 893 n
654 833 832 894 eorreotore
860 827 1041 911 oblongus,
1061 827 1139 892 item
1167 825 1243 891 olim
1275 824 1430 910 impressi,

329 933 500 1020 placentur
527 931 655 996 omnia:
670 929 829 1014 oblongus
856 930 961 1015 prime
988 947 1086 994 mann
1114 929 1275 995 hommum.
1290 926 1339 993 hio
1358 947 1431 994 nnus

335 1034 458 1118 aliquid
475 1032 557 1100 vidit
573 1031 734 1099 Iohannes
750 1033 910 1116 Autome,
927 1032 1022 1099 homo
1046 1032 1254 1114 ingeniosus.
1270 1031 1299 1096 is
1321 1037 1351 1096 et
1370 1053 1432 1096 oue

334 1161 406 1202 rum
435 1137 598 1201 Ventoeum
626 1134 830 1201 seribendum
860 1135 1039 1220 intellexit,
1056 1133 1090 1200 id
1113 1141 1163 1202 est
1183 1129 1281 1200 veios
1300 1125 1431 1220 ἀπήνην,

334 1258 452 1305 navem
473 1239 609 1303 solerem
638 1243 671 1303 et
696 1238 854 1320 agitatam
879 1238 1005 1322 ventis,
1022 1245 1054 1304 et
1075 1239 1110 1304 in
1136 1236 1201 1302 line
1225 1237 1351 1323 placato
1371 1261 1432 1302 eoe-

333 1365 426 1408 versa
437 1341 668 1427 fororesnem
695 1339 818 1424 planari
846 1339 940 1405 fusor
967 1340 1024 1424 qui
1054 1341 1177 1426 possit,
1193 1359 1260 1405 non
1287 1346 1431 1424 apparet,

335 1444 395 1510 etsi
423 1443 542 1527 aliquis
572 1441 613 1508 de
643 1436 909 1528 κροτοθορύβοις
936 1443 1112 1508 amisorum
1135 1442 1267 1527 Epicuri
1289 1441 1432 1528 eooipist‚

335 1546 376 1612 de
406 1544 522 1629 quibus
550 1543 741 1612 Plutarchus
771 1544 937 1628 περὶτοῦ
966 1537 1103 1610 ἀκούειν
1132 1544 1220 1632 poe
1236 1544 1432 1610 elumen

334 1649 432 1732 igitur
459 1647 559 1713 seouti
587 1653 751 1732 postrema
778 1647 875 1714 feoile
901 1646 1135 1730 integrabimus
1164 1648 1335 1716 scribendo
1356 1651 1433 1730 Quae

324 1751 473 1836 ‚fuerim
489 1769 573 1814 suun
586 1798 593 1834 ,
606 1749 734 1836 pluteum
761 1774 910 1816 conuersa
931 1768 1081 1813 sunone
1094 1797 1102 1816 .
1117 1769 1222 1835 neque
1250 1752 1352 1837 prime
1376 1751 1432 1816 ism

334 1851 481 1917 difficilia
512 1857 605 1934 sunt,
627 1851 888 1939 Quandoquidem
921 1851 1017 1918 eernel
1046 1871 1214 1917 rusnrnnr
1241 1853 1433 1922 omoeoendere

334 1979 462 2020 onmem
485 1955 706 2018 Vssnosnm.
724 1973 808 2040 queo
837 1953 1013 2020 ellenilio
1042 1974 1198 2040 expresse
1225 1977 1299 2024 esse
1324 1955 1434 2020 monuit

334 2071 385 2124 me
405 2055 541 2123 Ieoobur
565 2057 785 2142 Bernaysius.
802 2057 849 2122 sie
872 2056 971 2140 igitur
992 2056 1050 2123 ille
1071 2058 1105 2122 iu
1127 2079 1158 2143 v,
1174 2060 1234 2142 10,
1251 2060 1329 2128 omn
1348 2057 1435 2124 semel

333 2161 490 2226 aethereos
501 2161 609 2225 iussus
620 2159 1115 2228 eousoeudereourrueflummltm
1126 2163 1312 2247 conceperim
1323 2183 1433 2248 suaper

323 2263 468 2349 fatte'pia
489 2262 631 2328 eulmen.
649 2268 823 2346 supersunt
844 2267 988 2328 monstro
1001 2261 1101 2328 medii
1116 2281 1251 2348 versus,
1268 2263 1357 2330 euius
1371 2281 1433 2328 sen·

333 2364 435 2430 tentia
456 2369 491 2429 nt
512 2364 650 2430 obseura
672 2383 738 2430 non
762 2371 810 2430 est
831 2363 943 2448 (debet
961 2365 1046 2430 enim
1068 2363 1162 2430 huius
1183 2364 1272 2431 modi
1295 2385 1383 2448 esse,
1397 2363 1433 2429 'et

334 2467 485 2551 quoniam
512 2491 626 2532 rursus
651 2485 757 2532 novae
783 2471 990 2551 tempestates
1018 2467 1163 2552 instent)
1189 2469 1238 2534 ita
1269 2467 1311 2533 do
1335 2467 1432 2533 verbis

334 2569 411 2634 nihil
440 2569 516 2634 oerti
544 2587 675 2652 possum
701 2569 830 2634 disere:
850 2567 951 2651 digne
976 2573 1085 2636 temen
1113 2570 1264 2636 Lueretio
1295 2569 1432 2634 videntur

333 2671 434 2755 haee,
450 2692 493 2734 nn
515 2690 686 2734 emensum
708 2691 941 2736 russonum
962 2691 1128 2736 susurros
1149 2697 1300 2738 rursum.

418 2775 470 2840 51.
493 2794 643 2838 resinis
666 2795 738 2840 CUM
760 2795 929 2838 PENDBNT
948 2795 1135 2840 HON'HBUS
1159 2796 1299 2842 SAEPE.
1315 2773 1433 2840 correo·

332 2884 382 2942 tor
405 2875 553 2960 quadrati
577 2882 609 2942 et
629 2877 704 2942 Itali
726 2897 931 2941 unsmsus.

262 2975 264 2980 ’
417 2979 469 3045 52.
492 2979 543 3044 En
565 3000 728 3044 necinus
752 2999 891 3042 nuruos
913 2999 1088 3044 nuuuurs.
1106 2981 1179 3045 Non
1201 2980 1295 3048 aliter
1309 2981 1433 3046 Leeteu·

332 3081 395 3147 tius
423 3081 455 3145 in
478 3103 502 3144 u
528 3081 761 3147 institutionum
784 3082 870 3164 3,10
896 3087 928 3146 et
957 3081 990 3146 in
1018 3081 1280 3167 epitome25,4.
1297 3081 1353 3149 sed
1379 3079 1432 3144 hee

332 3183 593 3266 ooniunotioues,
610 3201 694 3266 quse
715 3189 835 3249 suntet
856 3207 916 3268 que
926 3233 935 3266 ‚
953 3182 1013 3249 hoo
1029 3183 1124 3250 modo
1140 3185 1224 3250 inter
1244 3203 1280 3250 se
1295 3183 1431 3250 eoniune-

332 3293 385 3351 tee
408 3287 450 3350 Et
468 3285 596 3370 faciunt
622 3282 751 3350 humilis
762 3333 771 3368 ,
787 3284 1011 3372 depressosque
1030 3301 1197 3372 premunt,
1212 3293 1249 3352 ut
1274 3286 1377 3352 altore
1392 3283 1431 3346 nl·

331 3389 391 3452 teri
414 3386 564 3452 ordinate
585 3387 646 3469 sit,
664 3407 727 3452 non
743 3393 817 3452 sunt
838 3389 992 3471 antiquae
1006 3388 1269 3456 consuetudinis.
1287 3385 1431 3454 Marullus

332 3489 508 3576 Efficietne.
524 3488 629 3553 lenius
645 3495 693 3553 est
705 3489 815 3556 Cetera
826 3527 882 3573 -‚
895 3490 1139 3577 Husofaoe'eet
1154 3494 1276 3558 animos
1291 3489 1428 3556 temus.

415 3591 467 3657 53.
490 3610 534 3653 sn
557 3610 727 3654 neuneu.
743 3591 794 3656 Ite
809 3590 860 3657 hio
879 3593 913 3658 in
929 3593 1070 3676 oblongo
1093 3591 1214 3677 serip'te
1228 3601 1278 3660 est
1292 3592 1337 3659 od
1348 3607 1429 3676 pree·

330 3694 449 3778 positio
463 3743 471 3778 ,
488 3693 520 3757 in
533 3690 691 3774 quadrato
704 3718 744 3758 a.
762 3693 923 3778 oblongus
936 3695 969 3760 in
981 3695 1123 3781 capitulo
1140 3715 1182 3778 m,
1196 3696 1257 3762 749
1270 3709 1304 3760 at
1315 3691 1429 3759 dedens·

331 3794 521 3860 atmoderate
535 3795 687 3878 in11,169
702 3801 734 3860 et
744 3797 915 3882 Alportent
929 3797 963 3861 in
979 3819 1009 3881 u,
1016 3797 1077 3863 221
1095 3807 1248 3883 uterque,
1263 3795 1428 3882 quadratus

331 3899 569 3984 Atmt‘utemque
583 3897 616 3961 in
632 3919 653 3980 r,
663 3897 745 3974 569,
758 3899 891 3963 otmimto
906 3899 939 3964 in
951 3921 984 3982 11,
994 3899 1074 3981 467,
1087 3901 1185 3966 αιίἰεα
1200 3902 1232 3966 in
1247 3899 1376 3982 mele,
1388 3905 1427 3958 ot·

320 4000 391 4085 fiee
407 3999 439 4063 in
458 4019 504 4083 ru,
518 3999 600 4064 733.
617 3999 704 4083 apud
719 3999 914 4066 Frontonem
936 4021 968 4086 p.
980 4001 1045 4067 240
1066 4003 1145 4088 (124
1157 4001 1265 4088 Nieb.)
1288 3998 1428 4086 mpootos

331 4099 476 4166 homines
504 4101 707 4167 doctissimos
731 4099 868 4167 fefellit.
884 4103 916 4168 in
941 4104 1096 4169 Varronis
1123 4123 1229 4170 rernm
1250 4103 1428 4169 rustioerun

329 4202 413 4268 libro
435 4223 470 4286 11,
483 4201 512 4286 8,
525 4203 565 4288 2,
581 4203 635 4268 ubi
652 4209 701 4268 est
715 4203 847 4270 Pullum
862 4207 1022 4272 ansuinum
1038 4231 1059 4271 a
1075 4219 1176 4294 portu
1190 4217 1338 4271 recentem
1352 4197 1426 4264 euli-

329 4307 416 4370 os'unt
443 4329 560 4390 equae,
582 4307 673 4370 emim
703 4306 782 4370 laete
810 4307 981 4392 ampliores
998 4307 1107 4393 fiunt,
1127 4306 1213 4394 quod
1236 4305 1271 4371 s'd
1297 4305 1372 4368 laete
1398 4307 1426 4360 nl

330 4405 492 4491 (impressi
516 4405 568 4489 eo)
592 4407 661 4471 alia
675 4409 781 4472 omnia
803 4407 912 4473 debunt
931 4433 997 4474 esse
1017 4409 1150 4492 melius,
1165 4409 1362 4493 perspicuum
1384 4403 1426 4466 est

330 4507 534 4572 scribendum
557 4525 629 4572 esse
652 4521 685 4572 at
707 4509 879 4574 ale'rrrom'a.
