3096 5142
309 356 372 424 256
844 356 889 424 lv

308 529 446 596 transire
469 527 587 594 debent
607 577 614 592 .
638 525 758 594 deinde
784 525 818 592 in
848 526 898 592 his
927 547 967 593 ex
994 532 1086 612 porte
1108 526 1221 594 eudem
1244 533 1413 594 tractantur

308 651 394 715 quos
409 631 442 696 in
458 629 619 714 prioribus
635 677 642 694 .
659 629 732 715 quis
748 629 834 718 enim
857 627 941 694 ierat
954 629 1001 695 itu
1016 628 1067 695 bis
1081 628 1124 696 de
1138 631 1319 696 simulacris
1334 629 1413 713 dici,

309 732 469 818 quomodo
491 731 636 799 membra
660 736 813 798 moveant
833 737 865 798 et
892 730 1011 798 iactent
1037 730 1215 815 bracchia,
1237 739 1275 800 ut
1300 731 1414 800 stonum

308 842 358 902 est
379 855 476 904 versu
499 833 561 900 768
584 839 616 900 et
638 833 728 900 788?
743 839 776 899 nt
790 851 861 900 oum
876 853 972 900 versu
988 832 1050 900 ⁷75
1072 834 1107 900 in
1122 854 1186 902 nno
1201 854 1330 919 qnoque
1343 841 1415 902 tenu·

307 957 386 1022 pore
408 936 553 1004 sensibili
577 953 697 1019 mogun
717 935 947 1020 panicularum
970 936 1066 1021 copie
1088 936 1205 1004 edesse
1228 937 1365 1020 dicitur,
1383 935 1415 1002 id

307 1039 339 1104 ni
363 1038 477 1103 mirum
499 1037 585 1105 idem
607 1037 767 1122 estquod
789 1056 886 1104 versu
901 1038 964 1104 794
986 1038 1178 1124 exponitur,
1199 1039 1234 1105 in
1257 1059 1323 1106 nno
1344 1059 1416 1124 qno

308 1159 371 1226 quo
386 1147 550 1226 temporo,
565 1140 598 1204 in
613 1159 676 1224 quo
694 1160 729 1208 rs
744 1158 823 1207 vers
844 1139 946 1206 mults
966 1145 1113 1227 ternpore
1133 1141 1278 1226 lateant,
1295 1142 1328 1208 in
1349 1142 1415 1207 loco

307 1262 435 1326 quoquo
455 1242 630 1308 simulscra
652 1262 800 1328 quosque
821 1249 949 1329 prnssto
973 1263 1066 1310 esse.

393 1345 466 1412 795.
487 1344 748 1412 Cossnsrrnns
760 1396 768 1423 ‚
780 1367 817 1410 11>
833 1365 898 1410 ner
910 1395 918 1430 ‚
931 1367 1005 1412 ouri
1019 1365 1093 1410 vox
1106 1367 1315 1412 nurnrrrun
1329 1367 1415 1410 nus.

307 1447 400 1514 Hunc
421 1467 548 1515 versum
571 1465 774 1534 corrumpere
789 1467 830 1516 en
851 1447 968 1532 quibus
990 1448 1136 1532 ingestus
1156 1455 1229 1534 est,
1246 1449 1417 1516 Lambinus

307 1555 393 1616 recte
403 1549 484 1617 vidit
498 1599 506 1614 .
522 1565 563 1616 es
577 1557 652 1616 sunt
667 1549 767 1636 haec,
784 1553 862 1638 quia
876 1563 1011 1637 tempore
1025 1553 1060 1616 in
1074 1575 1137 1618 orso
1150 1553 1309 1640 Tesnporo
1323 1551 1417 1618 muto

307 1653 403 1720 intent
416 1701 425 1734 ,
440 1654 523 1720 ratio
538 1677 619 1740 quoe
633 1655 782 1740 comperti
801 1677 867 1720 csse
881 1701 890 1736 ,
905 1653 939 1718 in
958 1653 1076 1737 quibus
1096 1654 1261 1720 sententis
1279 1654 1418 1739 persecu

307 1763 339 1821 st
360 1755 510 1821 absolute
531 1754 755 1822 concluditur.
772 1753 990 1841 quaerendum
1009 1759 1057 1822 est
1078 1773 1181 1840 crgo,
1204 1755 1318 1842 siquid
1341 1755 1418 1824 sorte

305 1859 339 1924 in
368 1855 487 1924 vicinia
512 1857 650 1942 positum
677 1859 747 1942 sit,
769 1855 856 1941 quod
883 1856 944 1923 hoc
966 1877 1061 1925 versu
1083 1857 1251 1924 interiecto
1274 1857 1416 1926 adinrnri

305 1959 430 2046 possit.
451 1959 562 2044 atquin
585 1960 658 2046 ipss
679 1960 760 2026 lnsec
780 1959 905 2044 rerba,
921 1984 992 2026 cum
1013 1985 1074 2028 noc
1096 1961 1249 2028 mitetur
1269 1985 1338 2028 oco
1350 2011 1360 2044 ,
1374 1979 1417 2026 rc·

306 2063 434 2128 mittunt
454 2081 514 2128 nos
536 2061 578 2128 sd
601 2083 731 2130 uersum
746 2063 808 2130 785
824 2113 832 2148 ‚
848 2062 901 2128 ubi
921 2069 971 2129 est
984 2062 1099 2130 omnia
1113 2063 1171 2130 sub
1184 2064 1321 2130 verbnm
1336 2074 1418 2130 crece

306 2177 424 2230 notura
446 2177 604 2251 ponatque
619 2166 634 2230 i
652 2183 727 2230 num
749 2163 865 2231 eadem
886 2171 1043 2236 suniocrc
1065 2171 1097 2232 et
1117 2165 1246 2232 cerbom
1269 2172 1303 2232 ei
1325 2163 1417 2231 libido

305 2287 400 2334 versu
416 2267 498 2332 779:
514 2267 570 2332 crab
592 2268 684 2334 corbo
698 2272 748 2334 est
762 2266 821 2332 sub
837 2265 946 2351 iussu,
963 2265 1056 2334 docte
1071 2267 1267 2334 illustratum
1283 2287 1305 2334 n
1321 2267 1417 2334 Bllue

286 2388 423 2434 nunno
445 2368 489 2434 cd
512 2368 670 2435 Lsctnntii
693 2369 925 2436 institutionum
947 2368 1063 2436 librum
1084 2370 1254 2455 rv,1s,22
1275 2417 1284 2436 .
1307 2369 1417 2438 sedin
1536 2419 1537 2430 ,

306 2471 370 2538 illis
391 2470 471 2555 ipsis
495 2471 641 2538 versibus
661 2470 851 2538 difficillima
870 2477 945 2538 sunt
966 2470 1066 2556 haec,
1083 2471 1125 2540 Si
1134 2496 1244 2554 marc,
1259 2474 1295 2538 si
1305 2486 1417 2540 mon

306 2573 443 2656 cor-dist,
459 2572 638 2662 ridensque
652 2574 796 2659 coelum5
815 2572 877 2639 nbi·
893 2571 936 2638 sd
957 2573 991 2638 n·
1009 2571 1127 2640 cordio
1148 2571 1327 2641 infinitivus
1349 2593 1418 2658 sup

305 2672 443 2760 plendus
459 2681 509 2740 est
523 2725 531 2761 ‚
547 2676 600 2760 qui
623 2693 782 2760 nusquam
803 2675 920 2758 legitur
936 2696 944 2738 ε
961 2692 1037 2740 nour
1060 2694 1165 2759 nsque
1179 2675 1357 2743 Greochins
1371 2693 1417 2740 ss·
1535 2693 1536 2700 ¹

305 2795 381 2841 num
396 2775 602 2862 interpretem
616 2777 706 2861 egit,
724 2795 795 2844 curn
817 2776 898 2842 hoec
920 2775 966 2842 its
986 2777 1169 2862 expressit,
1185 2777 1219 2843 si
1229 2777 1417 2865 pincesiso

303 2879 408 2964 peiore
421 2927 431 2961 ‚
446 2897 552 2963 neque
568 2877 722 2946 Marullus
737 2927 745 2964 ‚
762 2878 817 2962 qui
840 2877 893 2944 hic
914 2877 1004 2943 solus
1025 2878 1185 2961 attendit,
1201 2877 1324 2946 bonum
1347 2877 1418 2944 urti-

305 2978 420 3064 ficem,
444 2999 515 3046 cum
537 2980 666 3065 scripsit
686 2979 727 3048 ss·
744 3004 855 3064 more,
874 2980 908 3044 si
925 2992 1012 3046 terra
1033 2993 1101 3064 cst,
1121 2981 1155 3046 si
1174 2979 1270 3046 cordi
1287 2979 1418 3067 dens'qrss

305 3081 426 3148 coelom
441 3131 449 3146 .
465 3081 543 3166 quid
559 3082 656 3165 igitur
671 3082 699 3148 si
715 3079 799 3148 hunc
810 3101 939 3150 versum
954 3080 1032 3146 illuc
1046 3080 1290 3167 transierimus,
1307 3087 1340 3148 et
1354 3081 1417 3168 qni·
1534 3085 1535 3100 ¹

306 3182 399 3268 dem,
416 3184 493 3268 quia
508 3191 619 3270 specte
632 3189 798 3269 corruptus
810 3191 878 3268 est,
895 3182 1010 3250 leniter
1022 3182 1253 3251 emendatum?
1267 3183 1312 3250 Et
1326 3183 1418 3250 ciunt

305 3310 343 3350 nc
365 3286 507 3352 volumus
529 3287 617 3352 oobc's
639 3287 775 3352 occurrit
801 3284 937 3372 imapo?
959 3282 1071 3364 Quor>
1093 3286 1270 3368 comesurus,
1292 3285 1332 3352 id
1350 3284 1417 3352 esti

305 3412 376 3452 com
389 3411 451 3454 socc
465 3390 615 3454 enititur
629 3413 716 3472 ucc,·
731 3387 773 3456 sc·
782 3411 890 3470 more,
905 3387 939 3450 si
954 3398 1072 3453 arram
1086 3386 1225 3464 cerdici,
1240 3389 1275 3452 ss'
1286 3387 1416 3474 deniqne
1446 3401 1455 3418 ·

305 3488 452 3554 coelom.
475 3489 521 3556 ita
544 3490 628 3558 cuim
650 3495 787 3575 apparet
807 3512 873 3555 cccc
895 3486 1079 3554 addendum
1102 3507 1174 3556 esse
1191 3473 1296 3574 ,⁸cnm
1318 3488 1356 3555 c'd
1374 3499 1415 3554 est

305 3591 516 3676 praecesserit
529 3615 537 3657 ι
551 3594 585 3658 si
601 3591 695 3658 cordi
713 3604 757 3657 est
779 3613 846 3658 csse
866 3613 973 3673 more,
989 3591 1023 3656 cc·
1041 3603 1177 3674 imam,
1193 3591 1226 3656 σι’
1244 3590 1385 3656 coelum

392 3695 464 3761 790.
496 3713 701 3758 uosrnrrsn
733 3713 808 3758 cun
840 3712 1022 3756 nnrnsnrs
1057 3713 1223 3758 sunonis
1255 3709 1413 3758 nrrrnnr

307 3793 357 3860 llr
376 3817 568 3861 nnrsruur
585 3815 716 3860 ocunrs
732 3814 875 3859 onsrnu
894 3814 1258 3860 rnnncournurnrrr
1274 3793 1413 3860 .Horu1n

306 3916 347 3962 sa
368 3897 495 3980 integra
516 3919 581 3964 non
603 3903 678 3964 suut
699 3915 782 3982 quse
804 3894 847 3962 nd
872 3894 973 3980 pedes
999 3897 1185 3981 pertinent:
1206 3915 1311 3982 neque
1333 3895 1412 3963 enim

305 3999 457 4086 repetitor
478 4000 539 4068 nisi
563 3998 650 4086 quod
672 3997 785 4064 codem
808 3996 904 4063 modo
924 3997 1044 4064 iactum
1060 4003 1128 4082 est,
1144 4017 1249 4083 neque
1268 3999 1414 4085 repetitor

305 4101 405 4166 oculei
429 4100 516 4183 quod
543 4109 617 4170 anie
644 4121 700 4170 eos
727 4101 841 4168 iterum
867 4099 974 4183 agitur
990 4119 1004 4185 ,'
1020 4099 1079 4168 sed
1102 4098 1188 4186 quod
1218 4100 1280 4186 ipsi
1305 4099 1412 4164 iterun

306 4203 583 4288 contemplantur.
599 4205 644 4270 iia
666 4204 763 4271 Silius
783 4201 905 4287 nr,533
927 4214 1015 4267 larua
1026 4202 1209 4289 formidine
1227 4201 1329 4290 ponsa
1349 4200 1412 4266 les-
1531 4281 1532 4285 Ἰ

305 4317 421 4372 omont
441 4307 574 4392 repertio
595 4305 695 4372 ocultis
715 4309 734 4371 .'
746 4324 846 4390 qnare
867 4304 1052 4370 necessario
1075 4303 1277 4372 scribendum
1299 4300 1412 4368 oculo

202 4473 209 4489 ,
239 4421 247 4436 ·
305 4427 502 4490 nuncnunc
524 4407 623 4473 oculo
642 4421 764 4494 pontum
780 4457 788 4472 .
804 4405 941 4474 Ovidius
961 4407 995 4472 in
1011 4405 1150 4492 epistula
1165 4425 1220 4490 vn,
1232 4405 1274 4472 26
1288 4405 1411 4472 Am

306 4511 411 4574 occino
432 4533 557 4596 coccquc
579 4508 707 4596 diesque
728 4509 847 4597 rp‘crt.
