3052 5144
361 480 404 548 50
907 477 936 542 11

359 643 394 708 101
415 643 492 709 lacit
514 643 663 727 exiguum
686 646 848 713 clinamen
869 646 1097 732 principiorum

360 777 419 823 nec
441 759 574 840 regione
595 759 658 826 loci
680 767 767 826 certa
790 781 850 826 nec
871 767 1014 844 tempore
1035 767 1142 826 certo.

400 872 468 937 Nec
490 873 606 958 stipata
629 875 734 956 magis
756 873 816 940 fuit
837 895 988 957 umquam
1010 873 1156 940 materiai

286 1005 335 1054 000
362 987 455 1071 copia
477 1008 536 1052 nec
557 1008 652 1072 porro
676 989 852 1054 maioribus
875 989 1073 1055 intervallis:

360 1120 434 1165 nam
456 1119 560 1184 neque
582 1083 771 1185 adaugescit
794 1105 963 1186 quicquam
986 1123 1090 1186 neque
1111 1103 1235 1188 deperit
1256 1104 1354 1170 inde.

362 1235 426 1296 qua
446 1222 579 1300 propter
600 1237 662 1298 quo
685 1237 770 1282 nunc
791 1219 823 1282 in
845 1223 933 1282 motu
955 1219 1180 1302 principiorum

360 1348 496 1413 corpora
518 1337 610 1414 sunt,
626 1332 657 1394 in
681 1331 792 1396 eodem
816 1339 890 1398 ante
912 1339 987 1398 0000
1008 1337 1115 1397 aetate
1137 1331 1225 1397 fuere

362 1447 393 1506 et
414 1449 488 1527 post
509 1442 592 1509 10000
614 1463 740 1528 semper
762 1446 856 1510 simili
879 1448 1003 1512 ratione
1025 1446 1186 1528 10000000,

286 1575 336 1623 000
362 1564 394 1620 00
415 1577 497 1639 0000
520 1560 703 1624 consuerint
724 1559 812 1645 gigni
835 1563 1006 1645 gignentur
1028 1559 1140 1626 endem

361 1670 548 1736 condicione
572 1678 604 1737 ct
627 1679 718 1738 erunt
739 1682 771 1740 et
792 1681 937 1741 crescent
956 1677 1051 1758 vique
1076 1674 1249 1756 valebunt,

362 1792 512 1866 quantum
536 1787 649 1869 cuique
671 1788 779 1854 datum
802 1796 850 1854 est
871 1810 929 1874 per
951 1790 1086 1855 foedera
1103 1788 1250 1852 naturai.

359 1920 419 1965 nec
440 1921 545 1965 rerum
567 1921 722 1968 summam
745 1912 938 1970 commutare
959 1905 1026 1968 ulla
1047 1909 1152 1989 potest
1173 1903 1241 1968 vis:

361 2035 436 2080 nam
457 2037 561 2098 neque
584 2037 646 2098 quo
670 2019 771 2102 possit
792 2035 894 2102 genus
915 2019 1014 2082 ullum
1035 2017 1181 2084 materiai

285 2147 335 2195 ecc
361 2131 502 2211 effugere
525 2151 564 2196 ex
586 2132 673 2196 ouini
696 2132 865 2213 quicquam
887 2139 952 2215 est,
969 2151 1074 2214 neque
1096 2133 1130 2196 in
1152 2153 1246 2198 omne
1269 2152 1408 2198 seorsum

361 2247 447 2311 unde
470 2254 579 2311 coorta
601 2254 697 2328 queat
719 2239 807 2312 nova
823 2245 872 2310 vis
895 2247 1076 2331 inrumpere
1097 2254 1128 2311 00
1150 2265 1277 2312 omnem

359 2365 505 2425 naturam
528 2381 629 2426 renum
654 2368 775 2428 mutare
798 2367 829 2425 ct
853 2367 977 2426 vertere
999 2368 1123 2426 motus.

397 2475 480 2540 lllud
503 2476 535 2538 in
559 2475 609 2541 his
631 2476 725 2541 rebus
748 2497 811 2540 non
834 2483 882 2542 est
904 2477 1068 2557 mirabile,
1086 2494 1205 2558 00000,

358 2589 468 2654 omnia
492 2609 688 2656 cumrerum
711 2591 886 2675 primordia
907 2592 971 2656 sint
992 2591 1023 2656 10
1046 2597 1152 2673 motu,

284 2724 335 2771 000
359 2725 483 2769 summa
505 2711 612 2769 tamen
635 2725 759 2770 summa
781 2706 926 2772 videatur
947 2712 1033 2772 stare
1057 2704 1181 2787 quiete,

358 2827 486 2904 praeter
509 2839 601 2901 00000
626 2817 730 2901 siquid
752 2821 881 2904 proprio
905 2819 962 2884 dat
984 2837 1116 2902 corpore
1139 2824 1264 2882 motus.

359 2935 462 3001 omnis
485 2934 569 3000 enim
592 2933 688 3016 longe
712 2935 828 2998 nostris
851 2934 892 2998 ab
914 2933 1062 2998 sensibus
1083 2932 1166 2996 inira

357 3051 531 3134 primorum
552 3055 668 3114 nature
689 3049 790 3130 iacet3
809 3067 873 3129 qua
895 3053 1041 3132 propter,
1058 3047 1112 3111 ubi
1134 3047 1206 3131 ipsa

358 3183 487 3230 cernere
509 3166 572 3228 iam
595 3183 758 3246 0000000,
774 3169 878 3226 motus
901 3181 1027 3245 000000
1050 3179 1180 3246 surpere
1203 3163 1340 3236 debcul;

284 3299 333 3346 000
357 3279 544 3362 praesertim
567 3300 657 3355 cum,
675 3296 759 3358 0000
782 3277 941 3360 possimus
964 3297 1115 3355 comere,
1132 3277 1235 3342 001000

358 3413 457 3477 saepe
479 3401 585 3457 tamen
607 3401 729 3472 motus,
747 3392 853 3476 spatio
878 3391 1006 3456 diducta
1027 3391 1189 3456 locorum.

358 3529 431 3572 nam
455 3527 554 3592 saepe
576 3509 610 3572 in
633 3507 706 3574 00111
728 3505 899 3572 tondentes
922 3507 1039 3590 pabula
1060 3506 1146 3572 laetu

357 3623 523 3706 lanigerae
545 3617 670 3706 reptant
691 3621 834 3707 pecudes
857 3641 917 3702 quo
941 3639 1101 3702 quemque
1122 3628 1274 3686 vocantes

356 3738 490 3802 invitant
513 3738 630 3802 herbae
652 3743 849 3821 gemmantes
873 3736 1104 3828 interempti,

284 3871 334 3919 000
360 3859 391 3917 00
413 3852 519 3917 satiati
543 3851 617 3936 agni
640 3850 751 3915 ludunt
772 3851 953 3932 blandeque
977 3856 1163 3927 coruscanl;

359 3967 467 4032 omnia
490 3986 573 4049 quae
597 3966 690 4032 nobis
710 3967 808 4047 longe
831 3963 963 4030 0001000
986 3963 1133 4030 videntur

358 4087 390 4148 et
411 4081 462 4147 vel
485 4089 519 4147 ut
539 4082 571 4146 in
594 4081 688 4148 viridi
710 4078 829 4146 candor
851 4080 1025 4146 consistere
1047 4079 1142 4145 colli.

360 4351 411 4400 294
435 4349 517 4421 101οΗ
537 4353 585 4403 301
610 4351 687 4415 viqno
708 4347 721 4418 Η
742 4351 792 4400 305
816 4348 843 4398 10
866 4362 969 4399 omnes.
990 4345 1005 4418 Η
1024 4349 1075 4399 313
1099 4347 1197 4412 ipsum.
1218 4342 1231 4415 Η
1252 4347 1303 4397 314
1325 4350 1428 4408 rrarrrptre
1445 4330 1458 4400 d

362 4439 412 4492 818
432 4455 508 4503 qnam
527 4441 540 4510 Η
562 4441 613 4492 320
631 4439 708 4490 satiat
728 4433 741 4510 ΙΙ
761 4439 811 4487 322
832 4435 869 4490 uti
