2996 5148
565 432 607 497 Vl

51 601 166 669 forsitan
187 621 225 668 ex
245 603 317 687 ipso
340 603 475 672 veniens
496 604 604 670 trabat
625 611 697 670 s'ere
721 605 879 686 quaedam

51 737 183 802 corpora,
199 739 279 800 quse
304 719 409 802 plagis
430 718 605 784 incendunt
626 719 856 786 mobilitatem.

45 831 257 915 incolumisque
279 834 367 898 veuit
388 853 446 918 per
467 853 519 900 res
541 841 637 917 atque
661 835 787 917 integra
808 833 923 898 transit

50 947 147 1030 multa,
162 945 369 1012 foraminibus
391 947 531 1030 liquidus
554 947 629 1029 quia
651 947 828 1012 transvolat
850 947 954 1030 ignis.

17 1081 35 1126 o«
50 1061 188 1144 nullaque
210 1061 358 1146 pertigit,
375 1082 445 1128 cum
469 1082 605 1147 corpora
627 1061 768 1128 fulminis
791 1063 864 1148 ipsa

50 1177 209 1260 corporibus
230 1195 339 1242 rerum
361 1177 560 1260 inciderunt,
578 1197 643 1260 qua
664 1184 750 1242 terta
773 1183 939 1242 tenentur.

50 1291 167 1356 dissoluit
187 1313 285 1376 porro
309 1291 405 1358 facile
428 1313 485 1358 aes
508 1311 685 1375 aurumque
706 1297 837 1377 repento

50 1403 172 1472 conferre
193 1406 331 1484 facit‚e
353 1409 461 1492 parvis
484 1409 559 1492 quia
581 1409 667 1473 fecta
690 1407 810 1472 minute

50 1522 208 1604 corporibus
231 1523 282 1588 vis
307 1529 410 1589 estet
433 1525 559 1590 levibus
581 1542 622 1588 ex
645 1523 830 1606 elementis,

17 1653 35 1698 e
52 1655 114 1714 prise
133 1637 223 1702 facile
247 1638 451 1704 insinuantur
473 1644 505 1704 et
527 1638 689 1703 insinuata
714 1645 841 1720 repente

50 1749 200 1816 dissoluont
224 1752 332 1818 nodos
355 1753 459 1818 omnis
481 1761 513 1818 et
534 1753 640 1818 vinela
661 1753 830 1818 relaxant.

50 1872 236 1949 nummuoque
260 1868 368 1952 tnagis
390 1867 492 1934 stellis
515 1865 710 1949 fulgentibus
733 1873 810 1952 opta

52 1982 194 2047 concutitur
217 1984 304 2048 caeli
328 1982 442 2048 domus
465 1981 607 2066 nudique
631 1990 762 2065 totaque
786 1981 900 2064 lellus,

54 2104 72 2154 rt
87 2091 144 2158 cuir
166 2105 319 2182 tempore
341 2117 376 2164 se
397 2099 480 2164 ueris
502 2096 647 2164 florentia
668 2098 833 2182 pandunt.

26 2228 42 2261 ‚a
58 2207 140 2291 ligore
162 2212 247 2276 euim
274 2211 393 2278 desunt
416 2214 527 2297 ignes,
543 2213 692 2294 uentique
715 2213 824 2278 calore

62 2319 168 2390 deiciunt
190 2345 301 2410 neque
325 2335 397 2391 suut
419 2333 484 2392 tam
507 2327 607 2394 denso
631 2349 764 2412 corpore
788 2327 911 2393 nubes.

60 2437 235 2525 licentiaque
260 2443 361 2524 igitur
383 2461 455 2508 oum
478 2443 559 2508 caeli
583 2449 728 2527 tempora
750 2449 916 2522 coustant,

57 2562 95 2616 nn
112 2557 216 2622 cauae
240 2576 363 2624 nauseo
386 2564 576 2624 concurrunt
598 2556 739 2624 fulminis
761 2573 893 2622 omues:

54 2683 101 2732 rau
120 2671 216 2738 fretus
240 2673 314 2758 ipse
337 2673 413 2736 anui
434 2673 605 2757 permiscet
626 2671 729 2757 frigus
753 2680 784 2739 et
806 2678 949 2748 aestum,

18 2791 39 2840 tt
54 2801 155 2860 quorum
176 2794 351 2870 utrumqne
372 2793 455 2874 'opus
476 2795 529 2854 est
549 2789 739 2855 fabricanda
762 2789 803 2854 ad
826 2788 962 2852 fulmina
983 2785 1082 2869 nubi,

53 2904 74 2958 ot
89 2899 239 2968 discordia
263 2903 307 2967 sit
329 2923 433 2970 rerum
456 2923 639 2987 magnoque
661 2905 796 2970 tumultu

51 3009 147 3092 ignibus
167 3025 201 3084 et
222 3019 330 3084 ventis
352 3019 544 3086 furibundus
565 3019 696 3086 fluctuet
717 3027 791 3086 abr.

52 3129 129 3208 priora
150 3133 271 3202 caloris
296 3134 380 3200 enim
402 3155 480 3220 pars
503 3143 552 3200 est
573 3141 732 3220 postrema
758 3133 893 3220 rigoris,

52 3252 149 3328 tempus
170 3255 205 3312 ut
229 3253 282 3314 est
304 3267 455 3328 uernum;
472 3269 573 3332 qnare
595 3269 740 3335 pugnare
762 3254 925 3316 necessest

19 3353 185 3428 olimpius
207 3363 294 3428 inter
316 3381 351 3428 se
373 3383 426 3430 res
447 3365 641 3449 turbareque
663 3366 800 3431 mixtas:

51 3481 72 3530 rt
87 3476 165 3542 calor
187 3485 352 3544 extremus
374 3479 477 3565 primo
502 3501 573 3545 cum
596 3477 715 3565 frigore
736 3481 855 3546 mixtus

53 3588 181 3667 rolritnr,
198 3594 343 3658 autumni
367 3593 454 3676 quod
477 3592 577 3658 lectur
599 3595 726 3660 nomine
748 3604 894 3681 tempus,

52 3695 86 3762 lic
105 3725 227 3788 quoque
251 3706 426 3791 confligunt
448 3709 570 3774 hiemes
592 3709 768 3775 aestatibus
790 3729 902 3775 acres.

53 3827 196 3902 propterca
219 3823 303 3888 freta
325 3831 399 3890 sunt
420 3823 500 3890 haee
523 3825 597 3890 anni
622 3824 862 3903 nominitsuda,

82 4019 228 4032 *ffi—

56 4151 91 4200 348
106 4155 160 4208 bere
179 4155 194 4228 ΙΙ
214 4161 265 4208 849
284 4160 405 4211 transviat
426 4157 439 4228 Η
458 4163 508 4210 856
522 4161 607 4211 vincia
627 4161 640 4228 ΙΙ
660 4163 710 4212 857
729 4161 797 4210 alta.
820 4157 833 4227 ΙΙ
853 4163 903 4211 959
923 4161 957 4212 ris
978 4159 990 4228 ΙΙ
1012 4163 1063 4211 860
1081 4162 1150 4210 celo·

55 4253 94 4287 it!-
117 4252 128 4310 pl
151 4249 202 4296 868
222 4247 290 4298 Inter
308 4257 427 4312 uvasque
453 4247 467 4316 ΙΙ
494 4253 545 4299 864
564 4259 589 4300 et
607 4251 747 4300 omissam.
774 4246 788 4317 ΙΙ
813 4251 863 4298 865
886 4249 977 4298 uobis.
1003 4244 1016 4314 Η
1043 4251 1093 4297 866
1118 4247 1151 4297 sit

55 4331 172 4382 suiacum.
191 4337 204 4398 ΙΙ
226 4337 278 4386 868
295 4335 402 4400 liguris.
422 4337 435 4404 lp
456 4339 506 4387 869
525 4337 551 4386 id
575 4334 589 4404 if
613 4339 664 4387 870
681 4352 721 4388 res
739 4337 878 4386 omissum.
900 4335 912 4402 Η
938 4338 987 4386 979
1007 4335 1115 4386 Vovitnr
1136 4333 1149 4400 Η

56 4415 94 4464 lit
111 4419 170 4472 frea
187 4425 328 4476 missum.
