3052 5144
56 643 146 689 noune
166 623 250 690 rides
272 625 365 688 etiam
387 624 558 708 patefactis
580 621 724 710 ternpore
746 633 864 709 puncto
958 619 960 626 ’

56 738 212 802 carceribus
232 757 294 802 non
316 757 411 821 posse
432 745 541 804 tamen
563 757 770 823 prorumpere
793 759 947 822 equorum

25 850 106 914 cuiun
127 850 263 935 cupidam
285 859 350 916 tarn
372 851 413 917 de
435 853 540 918 subito
564 873 660 936 quam
683 871 771 918 mens
793 859 866 920 avet
886 854 985 938 ipsa?

41 945 142 1028 'omnis
162 965 259 1044 enim,
274 973 375 1032 totum
396 986 454 1050 per
476 987 612 1052 corpus,
628 966 775 1032 materiai

57 1079 134 1160 eopia
153 1081 262 1145 conciri
285 1079 402 1164 debet,
418 1082 542 1146 concita
564 1101 621 1165 per
643 1089 729 1146 artus

56 1191 140 1256 omnis
160 1201 191 1256 ut
211 1194 347 1259 studium
370 1195 485 1259 mentis
507 1195 622 1259 conixa
644 1201 814 1278 sequatur;

55 1311 82 1366 nt
100 1306 195 1372 videas
216 1309 323 1372 initum
347 1315 451 1374 motus
473 1330 493 1374 a
515 1310 611 1375 conde
634 1311 757 1394 creari,

24 1435 86 1482 nex
105 1421 252 1504 animique
274 1423 439 1489 voluntate
461 1423 495 1487 id
517 1425 691 1508 procedere
713 1425 871 1510 primunr,

54 1531 115 1597 iude
133 1535 197 1600 dari
217 1559 312 1622 porro
335 1559 393 1622 per
412 1546 511 1604 totum
536 1559 652 1624 corpus
674 1549 705 1606 et
726 1548 835 1606 artus.

55 1666 101 1711 nec
120 1649 243 1716 similest
263 1657 300 1716 nt
322 1673 392 1718 cum
414 1653 544 1738 impulsi
567 1654 768 1739 procedimus
791 1655 874 1739 ictu,

54 1759 152 1828 uiribus
172 1765 300 1832 alterins
322 1771 447 1854 magnis
469 1789 649 1851 magnoque
672 1778 803 1835 coactu:

55 1895 112 1939 nam
131 1885 188 1944 tum
211 1885 374 1948 materiem
397 1885 494 1950 totius
516 1885 658 1968 corporis
681 1902 805 1949 omnem

24 2005 38 2052 ‘r
56 1993 260 2076 perspicuumst
281 1999 376 2083 nobis
399 1999 507 2064 invitis
529 1999 575 2064 ire
598 1999 753 2082 rapique,

57 2104 138 2172 donec
156 2127 223 2174 eam
244 2111 419 2178 refrenavit
439 2129 498 2196 per
518 2113 661 2178 membra
683 2113 854 2178 voluntas.

59 2215 139 2286 aune
156 2225 245 2291 rides
266 2227 383 2310 igitur,
400 2245 591 2308 quamquam
615 2229 663 2292 vis
685 2211 797 2293 eutero
820 2229 936 2294 multos

58 2333 135 2413 pellat
151 2345 180 2402 et
199 2340 319 2406 inritos
341 2347 436 2423 cogat
457 2340 632 2424 procedere
655 2361 754 2426 saepe

57 2452 284 2538 praecipitesque
309 2455 396 2540 rapi,
413 2461 522 2520 tamen
544 2474 615 2522 esse
638 2456 671 2520 in
693 2463 820 2540 pectore
842 2463 951 2522 nostro

24 2577 38 2622 o
56 2563 180 2642 quiddam
203 2569 290 2652 quod
315 2577 425 2635 onuba
446 2589 592 2655 pugnare
614 2571 804 2653 obstareque
831 2573 957 2654 possit?

55 2677 125 2743 cuius
144 2681 184 2746 ad
205 2685 371 2750 arbitrium
395 2703 522 2767 quoque
545 2684 637 2768 copia
661 2685 802 2750 materiai

54 2793 157 2874 cogitur
176 2797 258 2864 inter
280 2800 356 2864 dum
378 2799 460 2864 flecti
485 2819 542 2884 per
564 2801 705 2864 membra
726 2817 784 2884 per
806 2785 913 2878 artus,

53 2911 78 2968 et
96 2909 227 2991 proiecta
247 2914 429 2979 refrenatur
452 2923 599 2996 retroque
621 2913 751 2980 residit.

52 3040 132 3100 quare
152 3027 183 3090 in
203 3029 381 3094 seminibus
403 3047 529 3112 quoque
551 3029 636 3094 idem
658 3029 778 3094 iateare
800 3035 985 3107 necessest,

24 3149 110 3202 essse
129 3141 219 3206 aliam
242 3151 370 3228 praeter
391 3144 510 3229 plagas
532 3151 564 3210 et
586 3143 728 3228 pondera
750 3163 880 3209 eausam

53 3251 188 3340 notibus,
205 3258 290 3324 unde
314 3259 465 3327 baecest
488 3258 579 3324 nobis
601 3259 714 3323 innata
736 3265 898 3342 potestas3

51 3355 159 3434 deuito
182 3373 332 3453 quoniam
357 3373 425 3438 ficii
447 3373 492 3438 nil
514 3373 795 3458 possevidemus.

51 3479 158 3556 prrndus
178 3485 264 3550 enirn
285 3487 433 3570 probibet
455 3505 494 3551 ne
516 3487 623 3572 plagis
646 3489 753 3553 omnia
776 3487 853 3552 fiant

52 3600 168 3662 externa
190 3601 281 3682 quasi
304 3602 356 3665 ri:
373 3602 431 3666 sed
455 3619 495 3666 ue
516 3621 607 3666 mens
629 3602 699 3684 ipsa
720 3621 888 3667 necessum

24 3715 33 3762 o
52 3702 212 3778 intestinum
235 3714 354 3779 babeat
374 3715 494 3780 cunetis
515 3716 548 3780 in
570 3715 666 3800 rebus
686 3717 821 3799 agendis

52 3829 78 3882 et
94 3823 211 3893 deuicta
233 3829 325 3912 quasi
349 3829 383 3894 id
407 3837 539 3912 cogatur
564 3830 648 3895 ferre
671 3833 820 3914 patique,

54 3999 58 4004 “
93 4005 232 4018 ·-——-.-.-

57 4119 97 4168 ²⁶4
111 4137 228 4184 quorum,
248 4128 262 4197 ΙΙ
284 4133 334 4180 266
353 4131 491 4182 nmteriac.
513 4128 526 4200 ΙΙ
546 4134 597 4180 268
616 4146 714 4181 conexa
734 4129 747 4199 11
768 4134 818 4182 275
837 4133 1001 4197 Perspicuum
1024 4137 1122 4186 nobisst
1140 4134 1155 4205 ΙΙ

57 4205 96 4254 278
112 4209 189 4262 Pane
208 4212 222 4284 ΙΙ
243 4217 294 4266 279
313 4218 380 4282 rapit
399 4217 413 4286 ΙΙ
433 4219 528 4268 tectore
540 4233 591 4268 no.
611 4213 625 4286 ΙΙ
646 4221 693 4268 281
715 4219 872 4288 consentiit
891 4221 1000 4272 rseidin.
1021 4221 1035 4292 ΙΙ
1055 4225 1104 4274 289
1123 4239 1155 4273 ne

58 4302 87 4342 ib·
102 4293 114 4364 ΙΙ
133 4299 177 4350 291
198 4303 275 4366 quasi
294 4313 402 4370 cogatur

934 4410 955 4473 4
