3052 5144
699 467 713 530 1

141 645 326 700 oontextum
349 637 396 702 vis
419 637 550 702 deberet
572 637 746 702 dissolvero
770 655 938 718 (suraeque.

142 757 177 816 at
199 770 305 832 nuno,
328 749 408 816 inter
430 771 464 815 se
489 752 565 833 quia
588 770 688 815 nexus
712 750 938 834 principiorum

58 887 122 932 2²45
144 863 319 930 dissimiles
346 871 492 930 oonstant
516 873 714 946 aeternaque
736 865 884 930 materies
906 872 974 940 est,

143 978 296 1044 incolumi
319 987 483 1046 remanent
505 999 556 1046 res
579 1000 732 1064 corpore,
756 978 830 1042 dum
854 979 932 1044 satis
955 980 1037 1044 aeris

141 1094 194 1158 vis
218 1093 314 1158 obeat
335 1115 394 1177 pro
417 1101 542 1160 textura
564 1095 719 1175 ouiusque
742 1099 887 1176 repertu.

144 1206 233 1272 baud
255 1207 353 1288 igitur
375 1207 518 1276 reditad
542 1209 639 1272 nilum
665 1207 824 1290 resulta,
848 1209 904 1272 sed
929 1227 1037 1272 omues

143 1321 282 1386 disoidio
305 1321 441 1386 redeunt
460 1325 493 1386 in
516 1343 651 1406 corpore
673 1322 838 1386 materiai.

58 1461 122 1504 aso
145 1439 309 1521 postremo
332 1444 467 1520 pereunt
487 1437 625 1520 imbres,
648 1438 702 1502 ubi
726 1457 782 1502 eos
803 1443 894 1520 pater
915 1435 1024 1502 aether·

140 1552 178 1616 in
200 1551 354 1632 gremium
378 1552 489 1616 matris
510 1551 607 1616 terrai
630 1551 867 1635 praeeipitavit:

141 1675 177 1730 at
201 1663 319 1729 nitidae
342 1672 474 1748 surgunt
497 1664 627 1746 fruges,
651 1666 793 1747 ramique
814 1666 974 1730 virescunt

141 1778 337 1862 arboribus,
360 1785 506 1858 creseunt
527 1779 618 1863 ipsae
641 1779 771 1862 fetuque
795 1786 984 1861 gravantur:

141 1895 222 1958 hino
244 1894 339 1957 alitur
361 1914 455 1976 porro
479 1901 620 1960 nostrum
644 1915 745 1978 genus
768 1901 863 1976 atque
887 1893 1043 1958 terarum:
1076 1931 1082 1944 ·

44 2033 121 2079 ··.›r›.¹›
145 2010 223 2074 bino
245 2007 347 2072 laetas
370 2009 464 2072 urbes
487 2009 593 2093 pueris
615 2008 727 2074 florere
750 2009 916 2092 videmus,

143 2121 404 2204 frondiferasque
428 2123 518 2188 novis
540 2123 653 2188 auibus
676 2143 790 2188 eanere
812 2122 952 2204 undique
975 2123 1092 2190 silvas:

141 2237 221 2302 bine
243 2237 350 2304 fessae
374 2237 514 2322 peeudes
535 2238 647 2321 pingui
670 2257 727 2322 per
750 2238 871 2321 pabula
894 2237 981 2302 laeta

140 2372 284 2437 corpora
306 2353 488 2437 deponunt,
513 2359 544 2416 et
566 2351 708 2416 eandem
729 2353 851 2417 laotous
873 2372 964 2416 umor

142 2467 299 2532 uberibus
322 2472 434 2530 manat
456 2467 621 2532 distentis:
646 2468 718 2532 bino
739 2485 825 2532 nova
847 2468 955 2550 proles

56 2607 121 2652 auo
143 2581 283 2647 artubus
304 2579 437 2647 infirmis
458 2587 586 2648 teneras
609 2582 732 2648 iasoiva
754 2602 812 2666 per
833 2582 951 2648 herbas

143 2693 230 2760 ludit
252 2697 334 2761 laete
357 2717 444 2761 mero
467 2704 589 2762 mentes
612 2697 761 2782 perculsa
783 2697 948 2762 novellas.

144 2809 238 2876 baud
260 2810 357 2892 igitur
379 2812 505 2896 penitus
528 2819 663 2896 pereunt
685 2831 769 2894 quae
793 2829 928 2892 eumque
951 2809 1117 2884 videntum

143 2924 279 3008 quando
302 2925 369 2990 alid
392 2945 431 2992 ex
454 2927 519 2991 alio
543 2925 642 2991 refioit
664 2934 798 3002 natura,
822 2945 882 2990 neo
905 2924 1003 2988 niiaur

144 3061 215 3106 rem
238 3039 335 3124 gigni-
348 3041 485 3124 patitur,
510 3041 572 3106 nisi
595 3048 695 3108 morte
717 3043 828 3108 adiuta
850 3040 975 3106 aliena.

60 3183 123 3228 255
195 3155 289 3220 Nuus
310 3176 390 3238 age,
413 3175 464 3222 res
487 3157 638 3238 quoniam
661 3156 754 3222 docui
776 3176 841 3220 non
863 3173 961 3239 posse
983 3151 1083 3218 creari

142 3271 189 3336 de
214 3270 280 3333 uilo
304 3289 407 3352 neque
430 3271 505 3334 item
529 3271 657 3352 genitas
679 3269 721 3336 ad
744 3270 789 3334 nil
811 3268 976 3352 revocari,

145 3405 190 3451 ue
215 3403 280 3465 qua
301 3383 384 3450 forte
405 3392 510 3450 tamen
534 3391 663 3468 coeptes
686 3384 830 3450 diffidere
853 3383 965 3460 dietis,

143 3498 235 3583 qnod
258 3507 419 3582 nequeunt
442 3499 543 3565 oeulis
566 3519 670 3566 rorum
694 3497 868 3583 primordia
891 3498 996 3580 nemi,

146 3613 264 3698 acoipe
287 3621 452 3696 praeterea
474 3633 557 3698 quae
580 3633 714 3698 corpora
735 3619 802 3679 tute
825 3619 987 3678 necessest

62 3757 125 3802 aro
147 3728 323 3796 confiteare
346 3749 418 3796 esso
440 3730 473 3794 in
496 3729 592 3794 rebus
614 3749 673 3794 neo
695 3747 792 3812 posse
814 3727 937 3793 videri.

144 3844 305 3931 principio
328 3845 413 3910 venti
435 3845 484 3909 vis
507 3843 652 3910 verberat
675 3843 772 3908 incita
794 3849 903 3908 nautes

146 3959 353 4040 ingentisque
375 3959 438 4022 ruit
459 3959 549 4024 navis
573 3964 605 4022 et
626 3957 738 4024 nubila
763 3957 885 4040 differt,

146 4075 236 4138 inter'
257 4071 331 4138 dum
354 4071 466 4158 rapido
490 4091 677 4156 pernumens
699 4072 825 4138 turbine
848 4092 979 4156 campos

149 4187 319 4252 arboribus
341 4188 467 4270 magnis
490 4187 602 4252 sternit
624 4185 803 4268 montisque
825 4205 991 4271 supremos

150 4344 349 4354 —-----.-.....

153 4441 203 4488 257
223 4439 324 4505 pinguis
344 4435 357 4506 Η
379 4441 429 4487 263
448 4453 480 4488 ex
499 4437 550 4486 allo
572 4433 585 4508 ΙΙ
605 4439 656 4486 264
676 4435 763 4486 adiuta
783 4433 796 4504 Η
817 4439 864 4484 271
886 4445 987 4488 cortus.
