2996 5148
350 433 416 498 214
892 427 936 492 Vl

351 606 520 685 praeterea
540 617 700 684 persaepe
722 598 815 682 niger
836 618 964 683 quoqne
984 619 1044 684 per
1066 619 1156 666 mure
1178 601 1330 686 nimbus,

351 721 386 780 ut
406 713 488 799 picis
509 734 527 780 e
550 714 639 780 caelo
662 713 834 779 demissum
857 713 996 798 flumen,
1012 715 1046 778 in
1068 714 1175 780 undas

352 829 401 894 sie
422 829 508 894 cadit
530 829 658 894 effertus
680 827 820 894 tenebris
842 829 956 912 procul
979 835 1012 894 et
1033 828 1129 894 trahit
1150 837 1250 894 atram

352 941 538 1010 fulminibus
560 941 723 1025 gravidam
746 947 968 1026 tempestatem
991 949 1089 1025 atque
1111 944 1282 1028 procellis,

277 1082 328 1130 aso
352 1057 481 1144 ignibus
505 1057 670 1122 serentis
693 1077 762 1122 curn
788 1057 898 1141 primis
918 1057 988 1142 ipsc
1012 1059 1173 1143 repletus,

351 1175 385 1239 in
407 1179 493 1238 terra
517 1191 642 1254 quoque
664 1179 699 1236 ut
721 1172 908 1238 horrescant
930 1193 969 1238 ae
991 1180 1074 1238 tecta
1096 1173 1285 1256 requirant.

353 1287 517 1369 sicigitur
539 1304 659 1372 supera
680 1294 824 1351 nostrum
846 1294 943 1372 capnt
965 1307 1037 1353 esse
1059 1288 1272 1375 putandumst

352 1409 577 1487 tempestatem
599 1401 715 1466 eitam.
734 1421 838 1484 neque
860 1403 944 1468 enim
968 1401 1107 1484 ealigine
1128 1411 1217 1468 taum
1293 1378 1299 1388 ’

354 1520 526 1584 obruerent
547 1523 671 1594 terras,
688 1517 749 1581 nisi
772 1517 979 1584 inaedificata
1002 1537 1140 1604 superne

280 1656 330 1704 aes
355 1634 453 1698 multa
475 1631 581 1698 forent
605 1633 712 1696 multis
735 1641 881 1716 exempto
906 1633 1015 1698 nubila
1038 1633 1129 1701 soie:

355 1769 414 1816 neo
436 1755 525 1814 tanto
549 1753 680 1832 possent
702 1747 868 1812 venientes
891 1749 1070 1833 opprimere
1094 1749 1205 1832 imbri,

353 1863 484 1929 flumina
506 1862 674 1927 abundare
697 1871 731 1926 nt
752 1861 898 1928 facerent
919 1853 1115 1948 camposque
1139 1870 1280 1948 natare,

355 1979 382 2043 si
405 1997 470 2043 non
492 1977 643 2042 extructis
666 1975 749 2042 toret
771 1977 835 2042 atte
858 1978 996 2042 nubibus
1020 1977 1150 2044 aether.

354 2091 405 2158 hic
426 2092 522 2174 igitur
543 2092 646 2157 ventis
669 2100 767 2174 atque
789 2093 918 2173 ignibus
941 2093 1049 2157 omnia
1072 2093 1167 2176 plena

279 2227 330 2274 uro
355 2213 447 2272 sunt:
464 2205 538 2272 ideo
560 2207 681 2290 passim
704 2205 846 2272 fremitus
870 2215 902 2272 et
924 2207 1052 2291 t'utgure
1073 2207 1172 2272 fiunt.

355 2321 474 2406 quippe
497 2323 613 2386 etenim
637 2341 735 2406 supra
758 2322 853 2387 docui
876 2323 1032 2405 permulta
1053 2323 1182 2408 vaporis

355 2437 480 2502 semina
501 2435 622 2502 habere
644 2455 744 2502 caras
765 2437 887 2515 nubes,
905 2445 935 2500 et
956 2438 1058 2502 multa
1078 2449 1246 2504 necessest

356 2550 523 2635 concipere
546 2551 687 2616 exsulis
710 2549 810 2616 radiis
833 2552 1014 2634 ardoreque
1038 2571 1167 2619 eorum.

355 2666 415 2730 hoc
437 2666 490 2731 ubi
513 2673 626 2732 ventus
648 2685 705 2732 eas
726 2667 813 2732 idem
836 2667 891 2750 qui
914 2669 1000 2752 cogit
1021 2668 1054 2732 in
1076 2687 1171 2733 unum

279 2801 330 2849 ere
355 2781 437 2847 forte
460 2781 565 2846 locum
588 2783 753 2864 quemvis,
771 2783 929 2866 expressit
953 2785 1052 2848 muita
1072 2783 1205 2868 vaporis

354 2898 479 2962 semina
501 2914 599 2980 seque
622 2897 716 2962 simui
739 2917 811 2963 curn
834 2917 873 2963 oo
896 2899 1095 2966 commiscuit
1115 2900 1205 2984 igni,

353 3011 533 3078 insinuatus
554 3011 599 3077 ibi
621 3019 732 3078 vortex
755 3020 901 3080 versatur
921 3016 955 3078 in
977 3021 1048 3080 arto

353 3133 387 3192 et
408 3127 520 3192 calidis
543 3129 628 3194 acuit
650 3128 770 3193 tulmen
791 3129 975 3196 fornacibus
995 3131 1102 3195 intus:

355 3261 429 3306 narn
452 3243 572 3326 duplici
595 3243 721 3309 ratione
744 3243 946 3320 accenditur,
962 3245 1033 3329 ipse
1057 3263 1209 3310 succum

280 3375 331 3423 aso
356 3355 532 3424 mobilitate
556 3359 704 3443 calescit,
722 3367 753 3424 et
774 3379 793 3424 e
815 3359 1007 3444 contagibus
1028 3359 1132 3444 ignis.

354 3469 430 3534 inde
453 3472 506 3536 ubi
530 3473 685 3558 percaluit
707 3475 861 3558 gravida,
878 3480 935 3538 ant
955 3473 1005 3538 vis
1027 3473 1110 3556 ignis
1132 3477 1163 3536 et
1185 3491 1266 3540 acer

354 3583 493 3669 impetus
515 3579 664 3672 incessit,
681 3595 841 3654 maturum
864 3595 929 3652 tum
954 3589 1048 3669 quasi
1069 3586 1188 3652 tulmen

356 3699 531 3782 perscindit
552 3702 655 3768 subito
679 3703 818 3786 nubem,
835 3702 1000 3784 ferturque
1022 3703 1163 3768 coruscis

356 3814 465 3879 omnia
488 3815 660 3882 luminibus
682 3818 821 3882 lustrans
843 3819 916 3883 loca
938 3817 1077 3904 percitus
1098 3817 1217 3881 ardor.

284 3943 335 3994 ros
360 3946 454 4010 quem
477 3932 583 4014 gravis
604 3931 786 4032 insequitur
807 3933 948 4012 sonitus,
965 3933 1108 4018 displosa
1129 3939 1264 4016 repente

355 4111 555 4122 --.-.—-—--

359 4229 409 4277 utu
429 4229 561 4282 dimissum
579 4235 675 4286 tulmen
694 4233 708 4302 Η
729 4235 920 4286 reseremus
940 4235 952 4301 ig
974 4237 1024 4284 269
1043 4235 1136 4299 plana.
1157 4231 1171 4304 ΙΙ
1191 4238 1244 4286 272
1264 4239 1401 4295 baem
1421 4252 1433 4297 tt
1451 4261 1483 4292 ne

357 4327 451 4366 cesset.
474 4315 486 4384 Η
507 4323 555 4368 it?
576 4323 645 4372 alto.
666 4321 680 4389 Η
700 4325 749 4373 281
770 4323 855 4388 gravis
872 4323 941 4373 renti
959 4324 996 4373 vis
1014 4323 1086 4388 igni.
1107 4323 1120 4389 tt
1140 4333 1166 4373 et
1184 4339 1246 4376 scer
1264 4331 1388 4382 omisca.
1411 4335 1483 4401 *12³⁵

357 4415 470 4470 rspenou
481 4443 486 4454 .
