3096 5142
308 383 372 448 222
837 363 905 444 1v'

311 553 380 638 gilii
397 551 437 618 31
452 599 459 636 ,
475 571 507 636 p.
521 551 572 636 20,
585 549 647 616 20.
663 549 766 616 Plane
787 551 905 616 tricem
919 572 986 616 2222
999 547 1114 614 mundi
1132 549 1286 637 2219122222
1307 561 1334 615 21
1347 547 1407 614 Lc-

310 656 426 722 cretc’cs
448 653 608 740 confitetur
624 651 731 718 dicens
745 652 790 736 (2,
803 651 860 736 92)
874 651 1041 738 Principio
1059 652 1165 716 morio
1179 675 1218 717 22
1231 663 1333 717 terroe
1346 673 1409 716 222-

310 752 1410 845 (2222212222,(1222-2222222212222221222122222222222222211222221,

313 862 390 926 Tres
411 859 530 946 species
552 869 615 921 tom
632 855 824 940 dissimiles,
840 857 905 922 12212
920 855 1000 921 tolia
1015 868 1119 921 122212.
1135 869 1164 922 21
1177 857 1244 922 als’o
1266 855 1330 920 loco
1344 854 1411 921 022-

309 963 366 1026 2212
384 985 444 1048 per
458 961 580 1025 cecitas
594 972 699 1042 arcet,
715 973 851 1036 1222222,
867 982 974 1040 mare,
994 958 1134 1024 22212222.
1150 956 1265 1023 eadem
1281 957 1411 1023 1221111112

311 1063 508 1147 Bernaysius
521 1061 667 1128 Servium
680 1061 723 1126 221
736 1059 900 1127 Aeneidos
911 1081 933 1146 2,
941 1007 985 1127 30
996 1059 1101 1125 Ennio
1113 1059 1300 1127 adscribere
1311 1060 1413 1126 obser·

310 1167 420 1232 22211.
437 1163 1126 1250 21222121,122211,222212232521.22’922211221
1147 1157 1252 1228 2221222
1274 1176 1303 1228 21
1322 1163 1413 1228 222211-

309 1281 379 1335 2221.
395 1267 522 1332 1122222122
537 1267 603 1345 Qui
611 1266 755 1354 fulmine
776 1267 864 1330 21222
880 1265 995 1332 02222211
1014 1289 1073 1350 per
1094 1267 1216 1330 22221222
1238 1263 1413 1332 22221.220

178 1431 184 1442 .
310 1377 342 1436 21
363 1371 398 1436 12
413 1368 614 1435 Lucretianis
630 1366 761 1433 Servius
776 1368 964 1453 plerumque
978 1373 1110 1452 peccat,
1127 1373 1159 1433 et
1179 1373 1290 1452 potest
1303 1367 1414 1432 Lucre

309 1473 374 1538 tius
396 1471 438 1536 ab
462 1471 564 1535 Ennio
592 1469 673 1536 haec
695 1470 891 1555 sumpsisse,
907 1477 942 1536 ut
967 1469 1040 1536 libri
1062 1491 1099 1534 222
1124 1489 1254 1536 versum
1279 1469 1360 1536 1025
1385 1477 1414 1534 21

312 1574 415 1655 1035,
432 1573 508 1638 item
530 1593 563 1635 22
576 1572 640 1639 409
664 1573 849 1639 2122195.

398 1622 468 1742 129
491 1675 563 1740 Suo
585 1695 630 1738 222
652 1673 1296 1758 2222222222121122222222211112
1315 1643 1413 1741 129·-

312 1778 392 1864 142,
410 1777 586 1842 Lambinus
608 1795 739 1862 operam
754 1777 906 1843 eximiam
925 1778 1106 1861 praestitit.-
1120 1776 1172 1842 1212
1193 1777 1283 1842 enim
1297 1777 1414 1862 primus
1502 1801 1512 1826 ·

309 1901 367 1947 eos
388 1879 575 1946 foedissime
598 1877 749 1944 confusos
777 1879 810 1944 12
833 1899 945 1944 verum
973 1879 1119 1946 ordinem
1145 1879 1414 1964 2221112211,222222

310 1982 486 2066 Forbiger,
504 1981 554 2046 cui
578 1982 687 2047 omnia
701 1981 788 2047 bona
811 1981 963 2067 22211221,
978 1982 1070 2048 22112
1084 1981 1233 2047 Lambini
1256 1981 1414 2048 mentione

310 2085 398 2151 lacta
418 2085 581 2172 culparem
595 2085 748 2150 2221222222
770 2083 867 2150 dicit.
883 2083 942 2150 sed
964 2084 1096 2170 insuper
1112 2083 1354 2149 observandum
1369 2087 1415 2147 est

309 2207 425 2254 novem
451 2186 533 2251 elios
559 2186 755 2271 versiculos,
773 2187 827 2272 qui
853 2187 956 2252 notati
983 2192 1059 2252 sunt
1082 2185 1224 2251 numeris
1250 2183 1414 2253 168-115
1531 2193 1532 2220 ¹

309 2297 341 2356 et
358 2291 439 2374 119,
455 2307 512 2354 222
531 2289 620 2374 ipsos
636 2309 707 2355 cum
727 2289 778 2354 bis
794 2287 1049 2374 quattuordecim
1064 2286 1313 2371 coniungendcs
1327 2305 1413 2353 esse.

310 2392 417 2475 agitur
444 2391 530 2455 enim
558 2392 726 2476 utrobique
752 2411 804 2457 res
831 2389 966 2475 2211222,
986 2391 1108 2456 scilicet
1131 2385 1313 2471 συστάσεις
1337 2407 1414 2474 quos

311 2494 466 2580 Epicurus
489 2491 635 2577 dicebat,
652 2499 684 2559 21
705 2493 835 2578 quidem
860 2513 926 2558 non
947 2499 1013 2558 1222
1040 2511 1151 2559 eurum
1177 2495 1317 2579 22291222
1343 2492 1413 2558 2212-

309 2598 390 2663 22122
419 2613 515 2678 quam
540 2595 648 2679 potius
677 2597 833 2661 1222211222
848 2613 921 2660 narn
950 2595 1066 2679 quibus
1091 2595 1198 2662 verbis
1226 2598 1340 2662 earum
1365 2594 1414 2660 de·

310 2698 442 2782 scriptio
464 2696 572 2762 finitur
597 2697 676 2783 114,
693 2699 833 2777 Quorum
860 2697 1069 2782 (nimborum)
1096 2697 1255 2782 quantula
1273 2723 1356 2785 pars
1376 2697 1415 2762 221

251 2869 253 2872 ,
310 2803 415 2886 imago
437 2797 540 2864 2112222
561 2813 678 2864 22222221
700 2799 766 2878 Qut
780 2801 901 2886 possit,
916 2823 1015 2886 neque
1030 2823 1098 2865 eom
1112 2801 1268 2865 rationem
1286 2799 1414 2868 reddere

312 2903 426 2985 2112122,
445 2903 480 2966 111
504 2921 597 2985 quem
621 2921 768 2986 quaeque
794 2902 898 2968 locum
926 2901 1049 2967 21122222
1074 2903 1207 2967 momine
1234 2902 1362 2986 12221121,
1378 2920 1415 2967 ea

311 3009 461 3070 accurate
475 3003 672 3088 respondent
686 3001 735 3068 his
754 3024 839 3089 quse
853 3009 1116 3089 praecesserunt,
1135 3005 1197 3070 110
1217 3029 1316 3090 quam
1332 3003 1414 3072 12221

309 3119 427 3172 natm
443 3118 557 3170 22222121
571 3107 695 3191 imago,
712 3113 863 3172 ebrorum
877 3107 1051 3172 2122212222
1064 3106 1178 3188 vagari
1193 3106 1300 3173 Multa
1313 3105 1414 3173 modis
1530 3089 1531 3116 ³

310 3208 437 3292 multis,
454 3207 545 3295 222112
558 3209 595 3273 oi
602 3257 610 3290 ,
627 3231 779 3294 cassoque
793 3231 886 3274 22222
899 3257 906 3272 .
918 3227 978 3273 222
999 3213 1107 3274 122222
1123 3205 1190 3273 lieri
1212 3216 1323 3294 potest
1336 3215 1370 3274 ut
1384 3206 1412 3272 bi

310 3331 391 3376 xxm
406 3328 519 3374 versus
534 3313 609 3374 ante
627 3309 687 3374 143
702 3315 882 3395 ponantur,
897 3311 992 3375 112222
1006 3329 1047 3375 ea
1062 3309 1268 3397 qcomfccs'li
1280 3326 1310 3379 21
1324 3310 1417 3378 celeri

310 3415 438 3506 22112222
444 3425 623 3498 9222212222
638 3413 665 3478 12
681 3412 765 3478 enim
779 3412 823 3477 sd
837 3413 1011 3478 2212212222
1029 3413 1184 3497 pertinet,
1200 3432 1338 3496 quorum
1352 3413 1414 3496 sig·

311 3513 450 3582 nificatio
467 3514 554 3579 12212
574 3521 754 3580 222122222
779 3511 858 3600 121,
875 3533 945 3580 cum
968 3515 1162 3580 econtrario
1183 3515 1219 3580 12
1232 3515 1285 3582 1212
1301 3516 1414 3584 21222-

310 3613 449 3688 στάσεσι
471 3615 585 3682 12212221
606 3617 710 3703 212292
735 3617 815 3701 114,
831 3636 935 3702 neque
958 3615 1003 3682 ibi
1026 3615 1067 3683 de
1086 3616 1136 3683 his
1158 3617 1285 3703 2211222,
1302 3618 1360 3684 sed
1373 3616 1412 3682 de

312 3723 414 3787 altero
430 3711 578 3785 2121211222
592 3737 731 3804 genere,
747 3739 831 3802 quae
842 3719 991 3785 dicuntur
1006 3711 1210 3805 ἀπόρροιαι.
1225 3719 1411 3804 1122222222

311 3823 463 3888 uilestum
490 3829 540 3888 est
560 3821 761 3906 Lucretium,
778 3841 848 3886 oum
874 3824 1010 3887 alterum
1038 3841 1140 3905 genus
1165 3841 1187 3886 2
1212 3841 1249 3888 22
1276 3829 1411 3908 praeter·

312 3925 444 3990 missum
467 3943 538 3990 esse
552 3923 756 4006 intellegeret
778 3928 826 4006 (et
840 3931 1008 4008 utmmque
1022 3923 1107 3989 12122
1128 3932 1294 3990 enumerat
1308 3925 1341 3990 in
1356 3924 1412 3989 boc

312 4027 395 4092 libf⁰
418 4025 689 4110 736731),12222
714 4026 748 4092 in
776 4027 903 4092 chartas
929 4027 976 4092 112
1001 4025 1179 4092 coniecisse
1204 4035 1240 4091 ut
1264 4025 1410 4093 2222112

311 4135 397 4196 certo
429 4127 500 4194 loco
529 4135 721 4214 reponeret,
745 4135 956 4194 correctorem
988 4134 1096 4195 eutem
1127 4129 1285 4213 pob'matis
1318 4147 1359 4194 22
1378 4125 1410 4192 11

311 4230 440 4317 quidem
464 4250 594 4298 curasse
615 4237 651 4296 ut
671 4237 780 4315 partes
803 4230 973 4315 dispersae
993 4231 1281 4314 coplungerentur.

399 4333 470 4398 132.
493 4356 529 4398 ru
555 4355 628 4398 noc
663 4353 805 4416 cunco,
828 4353 892 4404 cur
924 4354 1080 4398 ororrun
1111 4352 1204 4399 2222.
1227 4332 1286 4398 His
1318 4331 1409 4397 1211121

311 4437 443 4504 Servius
466 4435 508 4502 ad
524 4435 696 4518 georgicon
712 4457 732 4522 2,
745 4436 806 4519 51,
823 4434 866 4528 ad
883 4435 962 4504 Aen.
978 4459 999 4520 1,
1011 4437 1052 4503 58
1076 4457 1106 4521 2,
1121 4436 1159 4501 18
1174 4457 1218 4520 rx,
1231 4437 1273 4501 20
1286 4455 1317 4520 2,
1329 4433 1407 4513 899,
1434 4505 1440 4520 .

311 4541 388 4604 item
396 4537 524 4612 Probus
536 4539 579 4604 ad
592 4539 649 4604 ecl.
667 4559 709 4622 22,
722 4539 761 4604 31
778 4557 810 4622 p.
826 4539 874 4622 16,
892 4539 950 4606 16.
967 4546 1001 4606 at
1015 4533 1158 4605 1211122222
1173 4537 1255 4621 orig.
1268 4559 1337 4620 xm,
1349 4533 1407 4620 43
