3020 5146
589 459 632 524 ΠΙ

25 655 111 702 suee
131 632 212 716 qued
234 633 294 702 sub
317 653 436 716 magun
459 636 637 698 scrutentur
659 635 787 716 peetore
810 630 980 714 quicquum

58 755 232 832 perpetuum
254 755 393 814 aetatem
416 753 549 831 possunt
572 745 712 830 reperire
735 742 899 829 proiecto.

59 883 141 945 quam
163 863 239 927 libet
261 862 393 928 immani
415 863 560 948 prnieetu
582 859 726 944 eorporis
747 865 873 935 exstet,

61 977 184 1056 quinon
206 978 278 1044 sola
300 998 415 1044 novem
438 975 594 1062 dispessis
616 975 730 1058 iugera
750 973 901 1039 membris

63 1090 207 1176 optineat,
224 1092 284 1158 sed
307 1094 361 1175 qui
385 1092 482 1158 terrai
504 1091 600 1156 totius
621 1089 752 1171 orbem,

25 1233 41 1265 »u
61 1225 113 1269 nen
133 1211 236 1270 tumen
259 1213 425 1272 ueternum
447 1206 563 1290 poterit
583 1204 726 1289 perferre
749 1202 892 1268 dolorem

61 1339 110 1384 neu
129 1321 282 1404 praebere
305 1321 410 1386 eibum
432 1320 562 1404 proprio
584 1319 625 1385 de
648 1337 781 1402 corpore
803 1337 951 1401 semper.

59 1434 106 1497 sed
126 1434 235 1518 Tityos
258 1434 352 1500 nobis
374 1431 427 1500 hie
448 1441 517 1518 est,
533 1436 566 1500 in
588 1454 696 1499 amore
719 1434 879 1500 iuuentem

59 1569 138 1628 quem
158 1549 305 1615 volueres
327 1549 469 1616 laeerant
490 1556 585 1632 atque
608 1556 699 1616 exest
720 1548 835 1614 anxius
857 1569 959 1634 ungor

58 1671 104 1727 unt
123 1665 186 1730 uiis
208 1664 323 1746 quevis
344 1664 493 1730 seindunt
516 1665 695 1750 cuppedine
717 1684 833 1728 eurus.

25 1795 39 1840 s
60 1778 198 1862 Sisyphus
220 1779 252 1844 in
276 1779 342 1844 vitu
365 1797 491 1861 queque
514 1779 607 1844 nubis
629 1785 703 1844 ante
725 1777 835 1842 oeulos
857 1783 925 1858 est,

58 1892 102 1972 qui
121 1897 227 1977 peiere
251 1913 273 1958 a
295 1893 417 1978 populo
440 1891 547 1960 fasces
569 1913 747 1975 saevusque
773 1909 901 1958 secures

58 2006 181 2090 inbibit,
198 2015 231 2072 et
254 2027 383 2092 semper
405 2010 507 2074 rietus
528 2009 690 2090 tristisque
712 2007 852 2074 recedit.

59 2141 117 2185 uum
137 2129 245 2207 petere
270 2124 458 2208 imperium,
476 2124 561 2206 quod
584 2124 710 2188 inanest
731 2143 791 2186 nee
813 2121 905 2186 datur
927 2139 1098 2201 umquam,

64 2241 138 2318 etque
157 2238 190 2302 in
213 2258 254 2303 eo
280 2257 407 2322 semper
429 2238 541 2304 durum
564 2238 696 2304 sufferre
718 2236 884 2312 laborem,

25 2373 53 2407 m
67 2348 111 2414 tue
127 2358 171 2418 est
192 2353 335 2418 adverse
356 2353 519 2418 nixantem
543 2351 670 2418 trudere
692 2355 800 2416 moute

62 2483 171 2551 serum,
188 2467 280 2551 quod
303 2473 408 2532 tanmn
432 2487 450 2532 e
471 2488 594 2533 summe
617 2468 681 2532 iarn
704 2465 822 2556 vertice
844 2483 953 2528 rusum

61 2580 176 2646 solvitur
198 2589 231 2648 et
252 2581 345 2666 plani
367 2561 480 2665 ruptim
503 2583 582 2666 petit
603 2601 746 2664 aequora
769 2580 894 2664 campi.

61 2693 159 2762 deinde
180 2697 284 2762 animi
307 2697 463 2782 ingratam
488 2685 630 2762 nutrirem
655 2715 786 2781 pascere
808 2713 955 2778 semper,

58 2815 139 2890 atque
160 2812 294 2896 explere
316 2813 409 2878 bonis
432 2811 527 2878 rebus
550 2811 732 2893 satiareque
755 2829 949 2892 numquam,

26 2941 46 2984 r,
59 2925 130 3002 quod
152 2925 276 2992 faciunt
298 2926 391 2992 nobis
414 2947 568 2993 annorum
591 2931 737 3011 tempora
759 2925 897 3004 rictum,

59 3057 117 3101 eum
138 3041 293 3116 redeunt,
309 3037 456 3123 fetusque
478 3041 581 3106 ferunt
603 3041 772 3122 variosque
797 3040 950 3122 lepores,

57 3172 107 3216 nee
126 3161 233 3220 tamen
255 3155 422 3239 explemur
443 3155 519 3220 vitai
541 3155 694 3221 fructibus
716 3175 886 3236 umquem,

57 3265 125 3346 hee,
140 3277 174 3335 ut
195 3270 381 3354 opin01·‚iu
405 3275 569 3354 est,uev0
591 3270 725 3336 florente
747 3270 871 3354 puellus

58 3382 131 3462 quod
152 3391 331 3449 memorant
352 3384 479 3450 iutieem
502 3390 665 3468 pertusum
688 3403 861 3468 nongerere
884 3383 917 3447 in
939 3403 1016 3466 vus,

28 3499 132 3574 requei
153 3505 262 3564 tamen
285 3499 405 3583 expleri
429 3499 518 3564 nullu
542 3500 662 3564 tutione
684 3504 847 3583 potestur.

59 3609 202 3680 Cerberus
225 3622 258 3680 et
281 3613 381 3678 suriae
404 3613 468 3678 ium
490 3635 587 3698 nero,
605 3621 636 3678 et
658 3613 737 3680 lueis
761 3633 882 3698 egenus

58 3725 198 3794 Tartarus
221 3729 396 3794 horriferos
419 3735 566 3794 eruetans
588 3729 732 3794 faucibus
754 3735 883 3804 aestus,

59 3841 149 3919 quid?
165 3863 271 3926 neque
293 3849 368 3908 sunt
388 3823 523 3926 usquam
545 3863 604 3909 nee
625 3849 762 3927 possunt
783 3861 854 3908 esse
876 3843 1039 3926 proieeto:

59 3955 105 4018 sed
126 3965 228 4024 metus
250 3957 282 4022 in
305 3958 371 4022 ritu
391 3977 565 4042 poenarum
590 3978 647 4042 pro
670 3957 755 4022 rusie
777 3957 869 4022 fantis

60 4135 249 4150 h—-n

62 4253 104 4302 991
122 4259 181 4320 qnid
202 4255 217 4327 Η
237 4259 289 4308 988
307 4258 425 4323 dispersis
445 4257 459 4328 Η
480 4261 529 4310 992
544 4275 570 4310 es
589 4257 602 4328 Η
624 4262 674 4312 994
693 4259 828 4325 curpedine
848 4257 862 4328 Η
882 4261 930 4310 997
952 4259 1066 4324 tristique
1086 4259 1101 4330 Η
1120 4263 1169 4313 999

62 4337 163 4394 iuberem
175 4345 298 4396 sufferre.
313 4347 326 4412 Η
348 4349 412 4396 1901
428 4349 595 4399 semiesum.
610 4346 624 4416 Η
640 4351 706 4398 1005
720 4349 831 4398 circum.
847 4345 861 4414 Η
883 4351 948 4398 1009
962 4365 1053 4412 cogere
1073 4347 1086 4418 Η
1104 4355 1170 4400 1010

64 4429 108 4478 uile
125 4427 139 4499 Η
160 4435 225 4482 1011
247 4431 324 4482 iunue
343 4433 356 4501 Η
376 4441 507 4496 negestus.
529 4430 542 4501 Η
565 4437 631 4484 1019
650 4435 699 4496 Qui
721 4433 735 4502 Η
756 4437 823 4484 1014
842 4449 979 4499 paenarum
