3052 5144
619 431 634 496 1

68 623 199 686 ossaque
223 611 253 667 et
275 601 401 666 omuino
423 621 527 668 venas
550 601 711 685 partisque
735 601 877 683 erueris,

67 721 116 783 liet
137 719 181 783 uti
204 719 293 782 cibus
315 716 437 790 omnis,
461 722 493 780 et
515 713 624 780 aridus
647 721 678 780 et
701 715 806 798 liquor
827 716 916 800 ipse,

5 856 45 900 sus
67 853 103 898 ex
124 833 313 914 alienigenis
336 831 431 896 rebus
454 835 601 896 constare
623 836 770 914 putetur,

69 948 185 1012 essibus
209 953 242 1012 et
263 946 369 1012 newis
392 945 548 1027 venisque
571 951 602 1010 et
625 925 787 1027 sauguine¹
805 944 922 1010 mixte.

68 1071 225 1146 praeterea
250 1081 333 1142 quae
357 1079 491 1142 eurnque
515 1080 532 1124 e
555 1066 639 1124 terre
661 1079 798 1143 surpere
820 1065 966 1124 ereseuut

67 1177 89 1240 si
111 1185 180 1242 sunt
202 1177 235 1240 in
259 1176 373 1260 terris,
396 1183 511 1240 terram
535 1181 682 1240 constare
706 1180 870 1240 necessest

67 1311 100 1354 eu
121 1290 330 1376 alienigenis,
355 1309 438 1372 quae
461 1290 553 1356 terris
577 1289 783 1354 exoriuntur.

4 1425 45 1468 aru
67 1406 313 1480 transferimur,
338 1407 469 1470 tetidem
492 1405 599 1470 verbis
622 1411 712 1468 utare
735 1404 861 1468 lieebit.

66 1520 92 1582 in
113 1521 205 1602 liguis
228 1521 257 1586 si
280 1520 410 1586 flaruura
432 1520 510 1586 latet
532 1519 701 1600 sumusque
725 1519 892 1601 cinisque,
925 1529 929 1536 '

66 1651 99 1698 er
119 1635 310 1718 alienigenis
333 1635 510 1700 consistant
531 1635 618 1718 ligna
642 1640 825 1700 necessest.

64 1757 221 1831 praeterea
244 1750 342 1814 tellus
366 1769 450 1830 quae
473 1769 608 1834 eorpnra
631 1768 767 1830 nuurque
789 1749 867 1824 alit,
892 1754 988 1830 auget

65 1882 98 1925 ex
119 1864 331 1948 alienigenis,
356 1883 441 1944 qrrae
463 1864 653 1948 alienigenis
676 1864 838 1927 oriuntur.

2 1996 43 2040 uu
102 1977 264 2060 Linquitur
289 1978 340 2044 hie
364 1977 522 2060 quaedam
546 1978 693 2044 latitandi
717 1978 810 2061 eopia
832 1977 955 2059 tenvis,

65 2091 92 2154 id
113 2093 194 2174 quod
217 2097 431 2177 Anaxagoras
454 2092 515 2158 sibi
537 2093 653 2174 sumit,
677 2096 712 2156 ut
734 2091 882 2156 erunibus
906 2089 1010 2154 omnis

66 2226 108 2272 res
127 2213 215 2292 putet
236 2207 391 2272 inmixtas
414 2207 508 2272 rebus
531 2209 676 2290 latitare,
700 2205 758 2272 sed
780 2203 861 2270 illud

66 2341 207 2404 apparere
229 2342 351 2404 unum,
375 2323 465 2386 euius
487 2321 551 2386 sint
572 2323 711 2407 plurirua
732 2322 834 2386 mixta

64 2443 91 2500 et
110 2438 209 2522 magis
231 2437 267 2501 in
290 2443 437 2520 prenrptu
462 2437 625 2520 primaque
647 2437 680 2502 in
703 2437 808 2502 fronte
831 2436 958 2500 laeam.

2 2570 43 2610 ssu
64 2549 141 2630 qued
162 2559 275 2618 tamen
297 2571 318 2615 a
339 2570 417 2616 vera
440 2551 535 2634 longe
559 2553 683 2618 ratione
705 2552 919 2636 repulsurust.

63 2665 266 2731 conveniebat
288 2665 371 2730 enirn
395 2665 505 2748 fruges
529 2687 655 2748 queque
677 2685 798 2752 saepe,
822 2665 936 2730 minaei

62 2778 168 2844 rubore
189 2791 263 2844 eum
287 2782 359 2844 saxi
381 2779 589 2864 franguntur,
612 2781 736 2848 millene
758 2782 883 2865 signum

61 2891 219 2974 sanguinis
242 2903 300 2958 aut
322 2893 463 2977 aliquid,
488 2903 594 2961 nostru
618 2917 701 2978 quae
725 2913 857 2978 eorpore
879 2893 1029 2968 aluntur;

63 3027 127 3070 euru
148 3007 248 3091 lapidi
273 3007 413 3091 lapidem
437 3009 588 3090 terisque,
612 3029 741 3074 manare
764 3029 928 3074 eruorern.

1 3139 41 3182 ssu
61 3121 211 3185 euusiruili
236 3123 360 3188 ratione
384 3122 499 3188 herbas
523 3143 651 3204 queque
674 3142 772 3208 saepe
795 3123 931 3189 decebat

62 3243 90 3298 et
111 3235 218 3331 latinis
236 3237 340 3302 duleis
362 3243 469 3322 guttas
491 3238 650 3320 similique
671 3258 788 3322 sapore

61 3350 198 3434 nrittere,
222 3351 390 3434 lanigerae
414 3351 501 3434 quali
525 3359 598 3418 sunt
621 3352 719 3418 ubere
741 3353 852 3426 laetis,

61 3463 194 3550 seilicet,
219 3473 266 3561 et„
274 3466 377 3548 glebis
399 3473 556 3532 terrarum
580 3485 678 3551 saepe
702 3465 805 3531 friatis

61 3574 225 3644 herbarum
251 3599 372 3662 genera
396 3589 427 3646 et
448 3580 558 3666 fruges
579 3581 774 3662 frondesque
797 3581 897 3646 videri

7 3710 39 3747 nu
60 3687 225 3775 dispertita
247 3695 329 3760 inter
351 3701 464 3760 terram
489 3697 614 3760 latitare
637 3695 777 3770 minute,

59 3813 214 3886 postremo
239 3808 273 3872 in
295 3807 393 3890 liguis
415 3809 554 3874 cinereus
577 3809 761 3891 luuruurque
784 3809 905 3892 videri,

61 3937 126 3983 auur
149 3921 333 4006 praefracta
356 3923 480 4001 forent,
502 3925 652 4006 ignisque
674 3926 774 3990 latere
797 3924 954 3990 minutus.

61 4053 187 4114 querum
212 4037 260 4101 nil
283 4037 350 4104 lieri
375 4039 526 4120 quoniam
550 4039 717 4104 manilesta
740 4038 833 4104 deeet
856 4057 927 4120 res,

61 4307 106 4354 illiti
123 4307 247 4370 sanieque
268 4304 281 4373 Η
300 4305 398 4354 mixta.
418 4301 432 4374 Η
452 4309 502 4356 874
523 4321 586 4368 quae
606 4306 681 4368 liguis
702 4302 716 4374 Η
736 4307 785 4354 882
806 4321 863 4354 curn
883 4305 909 4354 in
929 4301 943 4370 Η
963 4307 1013 4352 884
1033 4304 1057 4352 iu
1074 4303 1181 4365 lapidem

63 4399 167 4442 terreurus
187 4393 201 4462 Η
222 4397 275 4443 885
294 4394 376 4442 herbis
397 4391 409 4458 Η
431 4396 481 4442 886
500 4393 588 4442 latices
608 4390 621 4458 Η
642 4397 693 4442 aaa
713 4394 736 4440 iu
758 4390 771 4458 Η
793 4395 842 4440 893
862 4409 900 4440 res
920 4393 1059 4442 rrnrr'sruur.
