3036 5150
304 366 348 432 60
849 363 866 430 Ι

304 555 418 604 versus
434 535 590 602 Marullus
607 534 748 603 delevit:
772 535 909 602 restituit
923 536 1059 604 altorum
1073 535 1268 622 Lambinus,
1291 536 1324 602 iu
1343 555 1401 620 quo

304 640 435 725 scripsit
457 659 528 704 oum
544 639 636 705 italis
659 640 845 705 exoriuntur
860 687 867 702 .
884 637 961 704 mibi
984 643 1118 723 uterque
1139 646 1244 706 reatus
1266 638 1401 724 videtur,

304 743 332 808 si
354 742 486 827 paulum
508 741 721 826 adiuventur,
744 739 805 806 hoo
827 740 943 806 modo.
965 741 1156 824 Praetereo,
1185 762 1256 807 oum
1277 742 1349 827 ipsa
1367 761 1403 806 ex

305 844 497 928 alienigenis
513 851 679 928 constent,
703 844 796 910 tellus
811 867 892 930 quoe
910 867 1045 930 corpora
1066 868 1198 931 ausuque
1218 845 1296 928 alit,
1317 857 1404 930 eope

306 947 420 1014 eadem
442 946 539 1013 nullis
563 947 638 1012 aliis
662 946 741 1012 olbis
757 951 790 1012 et
804 942 964 1011 alimentis
979 945 1042 1011 uisi
1065 965 1150 1030 quae
1171 953 1246 1012 suut
1267 947 1321 1014 Eu·
1334 946 1404 1012 olie-

305 1051 449 1138 uipeuis,
472 1073 554 1136 quoe
575 1049 649 1134 ipsa
671 1068 918 1113 sursuroaurs
941 1049 1111 1114 oriuntur.

391 1151 463 1219 882.
487 1151 646 1217 Rouonn
670 1173 743 1218 oum
764 1173 801 1216 ru
823 1172 911 1215 ssxr
934 1171 1209 1217 rnauouurua.
1232 1152 1304 1220 884.
1331 1153 1406 1220 θυι

305 1275 438 1318 aarum
460 1275 494 1317 ru
516 1275 684 1319 usrrnuu
706 1275 901 1320 susumus.
925 1255 999 1320 Itali
1023 1261 1056 1320 et
1069 1255 1220 1340 impressi
1235 1277 1406 1322 susurrus.

307 1377 347 1424 ex
362 1363 498 1441 utroque
512 1376 608 1424 versu
627 1378 664 1420 ru
684 1357 954 1443 praepositionem
971 1356 1100 1422 sustulit
1115 1357 1292 1444 Marullus,
1308 1365 1406 1442 reete,

306 1467 341 1525 ut
362 1466 460 1544 puto,
484 1459 543 1526 etsi
567 1479 623 1524 our
646 1458 760 1525 addita
781 1459 910 1524 sitnon
931 1459 1109 1543 intellego.

392 1562 464 1629 885.
487 1581 620 1626 snunrs
642 1583 794 1635 Quoouu
817 1583 930 1626 sarra
946 1583 1136 1629 uncuuar.
1152 1561 1308 1631 Marullus
1322 1585 1407 1628 ssu·
1503 1609 1504 1616 κ

307 1687 395 1750 uss,
419 1670 526 1750 reete,
544 1666 622 1750 quia
637 1665 780 1750 sequitur
796 1664 838 1730 ab
855 1664 968 1730 eodem
984 1663 1110 1732 decebm
1124 1686 1315 1752 suspensum
1331 1668 1407 1733 Her-
1503 1661 1504 1666 ’

307 1771 419 1834 borum
439 1791 559 1857 penora
581 1781 610 1834 et
621 1768 741 1855 frepus
752 1766 973 1854 frondesque.

392 1871 465 1938 886.
490 1871 542 1936 Er
556 1890 718 1934 parrona
733 1889 872 1934 ouuurs
888 1889 1057 1935 ourrss.
1073 1872 1192 1939 Dulues
1206 1871 1365 1956 oblongus
1379 1879 1408 1938 et
1503 1947 1504 1950 Ἴ

308 1973 465 2038 Antonius
478 2021 486 2056 ,
503 1991 568 2038 nou
584 1972 751 2058 impressi.
766 1993 914 2036 narrem
930 1973 1089 2040 Antonius
1104 1981 1137 2040 et
1152 1975 1308 2042 Marullus
1319 2025 1327 2042 .
1338 1995 1407 2041 mor
1503 1965 1504 1980 ¹

306 2075 470 2162 simileque
491 2073 669 2160 quadratus
692 2081 723 2141 et
744 2073 905 2142 sohedae:
928 2075 1077 2160 quadrati
1100 2083 1262 2144 eorreotor
1282 2079 1406 2145 similes-
1503 2149 1504 2170 ,

307 2202 391 2265 que.
416 2179 450 2243 iu
472 2198 568 2245 vorsu
589 2177 735 2263 proximo
759 2177 855 2265 quati
873 2179 1051 2262 quadratus
1072 2183 1105 2244 et
1126 2179 1286 2266 sobedae,
1309 2181 1408 2268 qualis
1503 2173 1504 2246 ζ

307 2281 474 2366 oblongus,
488 2281 765 2369 quolesoorreotor
777 2280 909 2363 oblongi
922 2286 954 2346 et
964 2279 1135 2346 oumltalis
1145 2283 1309 2367 impressi.
1321 2283 1407 2348 Laru-

308 2384 402 2449 binus
412 2385 575 2472 lanigerae
583 2384 676 2470 quali
681 2396 753 2448 auru
759 2384 857 2448 abero
865 2382 967 2466 lacem,
977 2383 1108 2468 optime:
1121 2385 1179 2450 sed
1191 2385 1269 2451 mihi
1281 2386 1406 2452 alterum

307 2486 730 2573 satisplaoet,dolceapattou
739 2485 1406 2576 mitterotalesquab'ovesmmtlootisabera

393 2590 466 2656 890.
503 2590 734 2654 D1srnnr1rs
769 2609 807 2651 ru
841 2609 996 2652 rnnasu
1028 2608 1218 2653 aurursus
1251 2609 1406 2662 munus.

309 2693 400 2759 Hune
421 2711 549 2758 versum
573 2709 642 2758 oum
665 2691 812 2776 proximo
834 2692 984 2756 omittunt
1005 2691 1180 2776 quadratus
1203 2697 1236 2758 et
1256 2691 1406 2758 sehodae.

308 2795 380 2862 ltali
404 2802 436 2862 et
455 2795 602 2882 impressi
626 2808 654 2860 et
675 2795 710 2860 iu
732 2808 868 2860 teram:
890 2794 1064 2880 Marullus,
1093 2793 1121 2860 si
1146 2795 1293 2862 Candido
1313 2793 1407 2878 fidas,

307 2899 486 2986 Ds'aperts'to
501 2922 566 2964 ease
581 2921 619 2963 ao
633 2899 668 2962 iu
684 2901 776 2964 terris
787 2921 798 2961 :
810 2896 993 2982 Naugerius
1004 2897 1185 2984 Dubpertr'to
1198 2923 1236 2964 ao
1251 2899 1286 2964 io
1300 2897 1407 2977 ter-rab,

308 3001 484 3068 Lambinus
507 3013 601 3088 atque
620 3001 654 3066 io
677 3001 771 3066 terris
787 3048 795 3063 .
811 2999 891 3066 haee
905 2999 958 3082 qui
980 2999 1199 3085 examinabit,
1223 2999 1347 3084 singula
1365 2997 1407 3062 in·

310 3103 440 3171 condita
462 3123 534 3171 esse
556 3102 741 3186 intelleget,
765 3103 922 3187 pleraque
944 3102 1084 3169 vitiosa.
1102 3101 1321 3170 Wakefieldus
1341 3119 1407 3166 oum

308 3208 377 3275 suis
399 3231 437 3274 ao
459 3204 798 3288 interemtorum,
822 3203 943 3270 scilieet
965 3223 1007 3270 na
1021 3205 1164 3290 priorum
1179 3205 1288 3290 aliquo
1310 3203 1407 3268 miuus

309 3313 501 3395 pooearent.
522 3306 729 3393 perspiuuum
753 3313 802 3373 est
822 3311 952 3393 poetam
974 3307 1144 3393 scripsisse
1164 3307 1340 3396 Dubpmtitu
1358 3323 1406 3366 ru·

309 3432 379 3476 rau
401 3425 542 3477 teram.

395 3513 468 3580 893.
502 3534 671 3586 uuoursrr
693 3533 902 3578 usursusra
927 3533 1075 3582 nocuo.
1098 3514 1173 3580 Rus
1196 3512 1321 3581 addidit
1343 3527 1404 3576 eor·

312 3621 416 3684 reotor
438 3616 591 3702 quadrati
616 3621 648 3682 et
669 3617 789 3684 ueteri.

395 3721 467 3786 900.
491 3719 624 3783 Douac
646 3739 825 3782 susumus
851 3740 1069 3785 ruusuauur
1096 3739 1215 3784 raone
1242 3733 1397 3784 ooonro.

312 3823 469 3889 Marullus
491 3821 660 3888 verissime
682 3843 880 3888 suaumur.

396 3925 469 3992 906.
493 3924 734 3992 Cousronnnr
759 3945 885 3988 vouuo
909 3945 1066 3990 srnvss.
1083 3923 1252 3992 Corrootor
1267 3915 1403 4010 quadrati

311 4035 343 4094 ot
365 4027 460 4094 ueteri
484 4027 779 4094 Oourruuaaur.

274 4119 280 4132 ⁸
396 4133 469 4198 909.
504 4149 825 4196 counrnosurun.
847 4129 1032 4214 Naugerius
1055 4150 1358 4209 oourrunsuuus,
1378 4127 1407 4189 ut

310 4234 407 4320 paulo
430 4239 505 4298 anto
519 4252 615 4299 versu
631 4233 716 4299 818.
739 4231 826 4300 ‘sed’
853 4230 1072 4299 Wakefieldus
1088 4232 1192 4316 inquit
1213 4229 1407 4298 ‘variantium

310 4337 512 4420 loquelarum
534 4335 717 4402 iucunditas
733 4336 935 4421 lepidissimo
951 4339 1067 4420 politae
1090 4333 1284 4400 oonoedatur
1299 4333 1316 4398 .’
1336 4331 1408 4396 buno

312 4439 456 4524 graviter
478 4437 597 4504 refutat
620 4438 798 4522 Forbiger,
827 4457 898 4503 eum
926 4437 1006 4503 satis
1034 4443 1121 4503 esset
1142 4437 1278 4520 digitum
1300 4433 1340 4501 ad
1359 4432 1409 4498 illa

311 4547 428 4630 pob'tae
450 4542 550 4610 verba
572 4539 769 4625 intendisse,
790 4541 889 4628 paulo
911 4539 997 4630 quod
1016 4538 1158 4607 diximus
1180 4551 1267 4606 eote.
