3036 5150
326 383 369 449 44
874 385 889 450 Ι

327 579 458 620 eenors
481 577 599 620 nesus
623 577 788 620 eousrnr
812 575 1011 627 viranoun
1033 577 1214 619 resenas.
1231 554 1300 620 Itali
1321 559 1350 620 el
1367 555 1414 618 im·

326 660 429 745 pressi
453 680 703 723 oenennrrn.
727 666 802 724 ante
825 679 881 724 eos
905 665 1063 724 corrector
1085 657 1235 743 quadrati
1255 659 1415 746 peremtio,

325 762 476 846 idemque
491 781 562 826 oum
578 763 756 827 Veronensi
773 761 1011 844 Caesonem,
1035 761 1122 845 qnod
1145 759 1197 826 hic
1218 759 1415 826 necessarium

326 871 395 929 est:
415 885 476 948 per
498 883 534 928 sc
557 865 741 929 Crescendt'e
763 866 855 929 rebus
867 863 950 946 finis
973 862 1101 928 redditu
1122 869 1187 927 lam
1209 870 1294 928 recte
1314 861 1417 927 dicitur

325 985 420 1050 quam
437 965 524 1050 apud
541 968 717 1032 Varronem
734 967 775 1032 de
790 967 902 1049 lingua
917 965 1033 1030 Latina
1046 987 1078 1026 vr
1092 985 1124 1049 p.
1141 965 1201 1030 193
1216 965 1417 1051 lonpr'eainun

324 1070 462 1154 spatium
478 1069 733 1133 senescendorum
750 1070 931 1133 lominum.
955 1067 997 1133 ab
1018 1066 1132 1132 eodem
1149 1067 1294 1132 Varrone
1309 1066 1419 1133 Gellius

325 1171 357 1235 in
373 1193 426 1255 111,
446 1172 485 1236 10
507 1170 605 1236 habet
626 1171 751 1235 modum
778 1195 933 1235 summum
955 1169 1159 1236 adolescendi
1176 1171 1309 1235 lamani
1326 1192 1419 1255 eorpo-

324 1275 395 1338 ris.
423 1273 553 1338 Verrius
577 1273 712 1338 Flaccus
742 1275 775 1337 in
803 1273 988 1339 calendario
1013 1271 1223 1338 Praenestino
1246 1293 1279 1334 rv
1301 1271 1323 1336 k
1345 1271 1420 1336 ilai.

325 1375 416 1440 aedis
439 1376 575 1456 Florae,
599 1400 680 1462 quoe
702 1377 794 1440 robes
805 1375 1015 1462 florescendio
1033 1387 1179 1461 praeest,
1202 1373 1347 1439 dedicate
1366 1385 1420 1438 eol.

401 1478 475 1544 586.
499 1476 581 1556 Quo
597 1499 718 1541 onero
733 1498 846 1540 srsnr
862 1499 906 1540 ar
922 1497 995 1548 Qus
1012 1497 1045 1539 vr
1061 1497 1198 1548 coneo.
1215 1497 1419 1542 asenneus.

324 1579 481 1662 Forbiger
503 1580 591 1644 nullo
620 1585 750 1646 auctore
779 1579 837 1645 sed
868 1580 976 1646 nescio
1000 1597 1065 1663 qua
1087 1579 1136 1645 sui
1160 1577 1279 1645 fiducia
1300 1578 1374 1644 dicit
1393 1578 1421 1642 in

324 1681 489 1747 codicibus
505 1681 774 1764 Lugdunensibus
790 1682 929 1747 inveniri
945 1705 1122 1770 quomque,·
1137 1699 1207 1746 oum
1225 1689 1337 1767 posset
1350 1681 1422 1747 scire

324 1785 515 1849 Lambinum
545 1785 714 1868 scripsisse
743 1786 879 1869 primum
906 1809 1028 1870 conque
1047 1795 1229 1869 penantm.
1253 1783 1312 1850 sed
1334 1785 1421 1848 totoni

324 1907 453 1952 versum
477 1907 516 1952 eo
540 1888 610 1951 loco
634 1907 697 1969 quo
721 1888 753 1952 in
776 1887 866 1952 libris
889 1894 977 1951 extat
991 1885 1182 1950 sententiam
1199 1905 1263 1950 non
1279 1886 1422 1952 adiuvare

324 1990 381 2055 sed
406 1991 638 2073 interrumpere
663 1988 826 2053 Bentleius
849 1989 970 2072 sensit,
998 1987 1052 2070 qui
1080 2005 1153 2052 eum
1180 1987 1284 2054 deleri
1313 1989 1422 2054 voluit.

322 2091 399 2156 mihi
424 2093 503 2157 satis
519 2091 687 2156 commode
703 2089 830 2156 videtur
846 2099 920 2174 post
936 2090 994 2154 illa
1009 2089 1161 2154 collocari
1183 2109 1293 2176 posse,
1315 2093 1423 2155 odam

325 2219 384 2280 qne
405 2194 553 2259 tenendi.
578 2215 596 2260 e
619 2193 776 2279 proximis
800 2211 872 2257 eum
895 2211 1021 2258 versum
1044 2191 1077 2256 in
1100 2210 1164 2273 quo
1188 2195 1424 2272 testemonium,

325 2295 509 2360 Priscianus
522 2303 622 2362 totum
636 2295 765 2361 exhibet
776 2317 806 2379 p.
819 2296 881 2360 907
896 2345 903 2376 ‚
918 2292 1090 2358 Diomedes
1102 2292 1307 2360 dimidiatum
1319 2315 1349 2379 p.
1359 2293 1423 2359 368.

409 2398 483 2463 588.
507 2399 584 2462 Nec
607 2419 823 2462 oonrrnrun
846 2417 1066 2468 oorcounu:
1090 2417 1180 2468 oorn
1203 2417 1324 2461 omrem
1347 2417 1424 2460 con·
1493 2471 1494 2488 ἶ

325 2521 466 2568 eninr.
494 2500 662 2583 Oblongus
686 2499 789 2585 prima
811 2518 908 2564 manu
931 2500 1152 2565 commitatur:
1174 2519 1425 2564 communires
1493 2489 1494 2527 ³

324 2609 484 2668 corrector
499 2602 670 2685 quadrati,
688 2603 782 2685 ltali,
800 2603 976 2668 Brixiensis
992 2599 1092 2666 editio
1106 2651 1114 2668 .
1138 2603 1196 2668 sed
1213 2605 1345 2688 insuper
1358 2601 1424 2668 scri·

324 2705 464 2771 bendum
488 2713 536 2769 est
559 2725 748 2768 cessrunr
762 2753 770 2768 .
786 2725 860 2769 nam
877 2705 1044 2770 Lucretius
1060 2707 1138 2791 quob
1161 2724 1232 2770 cum
1255 2705 1423 2770 indicativo

323 2827 386 2872 non
404 2808 526 2889 iungit,
540 2807 602 2871 nisi
619 2813 653 2870 ut
668 2825 739 2870 eam
755 2808 1010 2872 coniunctionem
1026 2827 1110 2892 quae
1123 2815 1172 2872 est
1183 2811 1280 2874 ea'am
1292 2807 1423 2882 adiciet,

323 2916 380 2976 aut
402 2917 487 2974 certe
510 2907 541 2974 id
565 2926 740 2992 pronomen
773 2909 859 2992 quod
889 2928 991 2993 prope
1015 2910 1099 2976 idem
1123 2910 1307 2994 significat,
1330 2910 1424 2974 idest

323 3015 409 3098 iprae.
426 3012 488 3076 hoc
509 3011 608 3076 semel
623 3029 701 3075 usus
722 3011 818 3076 estin
838 3011 920 3076 libro
936 3033 979 3094 rr,
997 3013 1080 3096 799,
1104 3015 1241 3078 Lumine
1263 3015 1343 3099 an'n
1363 3014 1424 3098 r'pm

321 3127 463 3180 motatur
493 3113 558 3199 (sio
585 3112 765 3196 oblongus,
788 3111 985 3198 quadratus,
1009 3113 1185 3199 schedae);
1212 3115 1267 3180 ubi
1294 3114 1424 3200 pessime

323 3219 483 3282 Antonius
498 3215 702 3281 Florentinus
719 3221 750 3280 et
765 3215 841 3279 olim
861 3215 1007 3298 impressi
1031 3219 1091 3303 qui
1109 3219 1142 3282 in
1166 3219 1255 3303 ipso.
1281 3219 1358 3304 qne'n
1375 3239 1423 3302 po

323 3321 386 3382 tubo
408 3321 578 3383 corrotr'tnes
601 3337 658 3401 per
681 3317 964 3402 interrogationem
988 3319 1020 3383 in
1045 3319 1126 3384 libro
1142 3339 1175 3402 1,
1192 3319 1276 3385 798.

407 3421 480 3485 591.
514 3419 771 3483 Inuunnsrnns
793 3439 988 3482 mansurae
1019 3441 1174 3491 Quooun
1198 3441 1344 3485 coneus
1366 3440 1422 3481 an·

321 3541 414 3584 sane
439 3522 615 3585 Dessur.
639 3523 795 3588 Antonius
820 3521 934 3606 illarii,
960 3523 1138 3604 Marullus,
1162 3529 1237 3607 post
1259 3522 1344 3588 hunc
1365 3541 1421 3586 om·

320 3643 399 3708 nec,
423 3625 621 3690 Imnrntobe'le
641 3627 791 3690 materiae
807 3648 929 3710 quoqne
944 3649 1082 3711 corpus5
1103 3623 1189 3708 quod
1207 3623 1285 3710 quid
1301 3627 1344 3690 sit
1364 3642 1420 3688 non

320 3727 495 3808 intellego.
511 3727 607 3790 immo
630 3745 683 3791 res
705 3727 854 3808 singulae
876 3733 908 3791 ct
923 3727 1052 3810 singula
1073 3728 1286 3792 animantium
1306 3741 1421 3810 genera

320 3829 568 3894 Innurnsmm
590 3831 762 3912 materiae,
786 3829 847 3893 hoc
868 3835 918 3894 ost
937 3849 977 3894 ex
991 3829 1175 3894 inmutabili
1198 3830 1334 3896 nrataria
1355 3847 1421 3893 oon·

319 3931 457 4013 fectum,
481 3954 595 4016 corpas
617 3932 731 3995 labere
753 3931 889 3995 Debent.

403 4034 477 4100 599.
509 4035 592 4097 'Pon
622 4053 742 4096 roano
770 4053 940 4102 ooosrnrr
972 4055 1036 4096 ssr
1071 4054 1275 4098 sxrserrosr
1301 4051 1420 4105 oooo·

319 4155 395 4205 oon
425 4155 598 4198 cucumer
628 4135 818 4202 Conroars
851 4157 999 4214 merus,
1034 4157 1136 4206 ouon
1171 4156 1304 4200 nosrsr
1338 4155 1419 4198 cen·
1491 4131 1492 4194 ἶ

318 4259 415 4300 nese
443 4227 578 4301 sensus
609 4237 680 4302 Iun
703 4257 926 4315 nsousuur,
956 4259 993 4300 rn
1022 4259 1058 4300 nr
1085 4259 1208 4302 ursum
1235 4259 1315 4303 erus
1337 4258 1417 4300 ssa·

319 4361 426 4404 rrsus
449 4359 593 4402 exsrsr
617 4339 667 4404 dr
690 4361 823 4402 usurus
847 4361 1013 4405 conseer
1035 4361 1205 4405 narone.
1228 4341 1322 4406 Recte
1337 4338 1419 4404 infra

319 4445 381 4509 749
397 4445 474 4508 Cum
487 4441 650 4507 videamus
665 4441 701 4506 o'd
715 4455 884 4508 entrenrnm
900 4445 1051 4529 cuiusque
1066 4467 1217 4509 cacumen
1230 4445 1323 4523 ane,
1339 4437 1420 4526 quod

317 4545 363 4609 od
382 4570 493 4610 cerasus
514 4557 637 4609 nostroe
659 4545 822 4608 minimum
846 4567 911 4610 esse
930 4545 1074 4608 vidaon.
1090 4551 1203 4610 contra
1218 4545 1277 4612 hoc
1297 4544 1328 4608 ln
1351 4541 1416 4606 loco
