3020 5146
592 433 635 498 llI
1114 435 1173 498 107

27 632 42 676 a
63 611 124 692 ipse
145 627 271 689 quoque
294 625 366 672 csse
387 607 420 670 in
445 625 483 670 eo
506 611 574 670 turn
596 609 759 687 ternpore,
775 602 825 666 cni
848 601 932 668 male
955 603 1056 686 possit

63 721 195 786 accidere
209 747 217 784 ε
232 721 265 785 id
288 721 440 803 quoniam
464 739 550 783 mors
572 717 700 800 eximit,
718 735 851 798 esseque
874 717 987 800 probet

63 836 140 899 illum
162 836 212 900 oui
235 835 361 920 possint
382 832 585 898 incommoda
606 831 790 907 conciliari,

27 971 45 1014 ro
66 951 132 1014 scire
152 950 229 1015 licet
250 949 345 1015 nobis
368 949 411 1012 nil
434 965 505 1012 esse
528 949 561 1011 in
583 954 683 1011 morte
705 945 900 1030 timendum,

67 1087 113 1129 nec
133 1064 283 1130 miserum
305 1064 373 1128 fieri
396 1063 449 1145 qui
473 1083 538 1126 non
560 1068 608 1126 est
630 1079 746 1144 posse,
762 1079 867 1144 neque
890 1061 988 1126 hilum

65 1179 175 1242 differre
196 1185 275 1242 ante
297 1178 363 1242 ullo
384 1178 479 1242 fuerit
498 1178 561 1240 iam
584 1181 726 1259 tempore
748 1181 863 1260 natus,

65 1293 215 1358 mortalem
236 1293 340 1356 vitam
361 1311 448 1358 mors
470 1311 539 1356 cum
562 1291 738 1356 inmortalis
761 1289 902 1356 ademit.

27 1427 45 1472 ‘o
100 1406 230 1472 Proinde
252 1406 310 1470 ubi
333 1425 368 1471 se
389 1405 500 1472 videar
522 1404 683 1470 hominem
706 1403 904 1488 indignarier
926 1406 1049 1490 ipsum,

64 1527 279 1603 postmortem
300 1520 369 1586 tore
391 1525 426 1582 ut
448 1524 504 1582 aut
524 1524 671 1602 putescat
693 1537 825 1602 corpore
847 1527 939 1603 posto

64 1642 110 1698 aut
128 1635 262 1700 flammis
286 1631 425 1700 interfiat
445 1631 580 1696 malisve
601 1633 761 1718 serarum,

63 1751 131 1815 scire
152 1751 223 1814 licet
245 1769 313 1814 non
337 1748 496 1812 sincerum
518 1766 651 1832 sonere,
668 1755 763 1830 atque
784 1747 917 1814 subesse

64 1884 177 1928 caecum
199 1864 343 1946 aliquem
367 1861 456 1927 cordi
479 1862 658 1946 stimulum,
676 1863 822 1944 quamvis
843 1870 939 1946 neget
959 1862 1030 1946 ipse

27 1997 47 2042 ro
66 1978 177 2043 credere
200 1997 236 2044 se
260 1996 455 2060 quemquam
478 1976 539 2044 sibi
561 1995 689 2042 sensum
712 1977 744 2041 in
766 1983 867 2042 morte
889 1976 1048 2041 futurum:

66 2111 133 2168 non,
147 2099 181 2156 ut
203 2093 340 2176 opinor,
356 2091 440 2156 enim
463 2089 520 2154 dat
542 2092 627 2172 quod
649 2092 802 2174 promittit
824 2092 982 2175 munde,

71 2225 114 2270 nec
132 2206 285 2272 radicitus
307 2227 325 2272 e
348 2206 414 2271 vita
436 2225 472 2270 se
495 2206 578 2270 tollit
599 2213 629 2270 et
651 2205 743 2284 eicit,

72 2320 114 2384 sed
131 2321 204 2388 lacit
226 2341 302 2386 esse
324 2321 373 2385 sui
395 2319 549 2402 quiddam
572 2339 668 2404 super
689 2319 809 2386 inscius
830 2321 919 2404 ipse.

68 2434 138 2500 rivos
157 2437 241 2502 enirn
265 2435 329 2501 sibi
352 2455 423 2500 enm
445 2435 595 2519 proponit
617 2437 751 2518 quisque
774 2435 933 2514 futurum,

27 2565 47 2604 a
66 2567 162 2633 corpus
184 2550 230 2616 uti
254 2550 404 2616 volueres
427 2549 569 2616 lacerent
589 2550 622 2614 in
645 2557 747 2618 morte
769 2552 941 2638 seraeque,

64 2662 119 2745 ipse
139 2666 186 2730 sui
207 2666 357 2731 miseret:
374 2685 478 2748 neque
501 2665 585 2732 eninr
607 2685 642 2730 se
664 2667 778 2732 dividit
799 2667 878 2732 illim

64 2795 111 2841 uec
129 2787 271 2846 removet
294 2779 431 2858 satis‚a
452 2781 593 2864 proiecto
617 2801 768 2867 corpore,
785 2789 817 2848 et
838 2783 927 2848 illum

63 2910 90 2954 se
110 2893 193 2977 fingit
214 2913 379 2978 sensuque
402 2915 460 2963 suo
483 2897 678 2962 contaminat
699 2903 829 2963 astans:
877 2895 879 2898 ’

62 3003 122 3072 linc
142 3009 327 3094 indignatur
347 3029 383 3076 sc
406 3012 573 3076 mortalem
597 3031 669 3079 esse
691 3020 852 3090 creatum,

27 3133 43 3181 u
61 3138 110 3186 uec
130 3123 213 3190 ridet
235 3125 270 3190 in
292 3145 368 3191 vera
389 3127 510 3191 nullum
532 3127 602 3193 lore
626 3135 725 3194 morte
747 3129 844 3194 aliurn
868 3149 922 3213 se,

62 3237 105 3314 (ιυί
124 3240 222 3322 possit
244 3241 337 3306 vivus
360 3241 421 3306 sibi
443 3260 479 3307 se
501 3242 610 3326 lugere
633 3251 852 3329 peremptum,

27 3407 35 3426 ,
60 3355 196 3436 stansque
219 3357 378 3422 iacentem
400 3375 435 3422 se
459 3356 595 3422 lacerari
617 3358 707 3424 urive
731 3358 859 3425 dolere.

62 3481 122 3528 narn
143 3469 169 3532 si
190 3470 224 3534 in
248 3478 349 3538 morie
371 3471 522 3537 malumst
545 3473 639 3538 malis
661 3493 833 3555 morsuque
856 3473 996 3540 letarum

63 3584 197 3668 tractari,
214 3605 280 3650 non
301 3585 429 3652 invenio
454 3587 508 3668 qui
531 3607 596 3652 non
618 3587 658 3652 sit
680 3589 832 3654 acerbum

27 3687 171 3772 signibus
193 3700 368 3785 inpositum
391 3701 504 3767 calidis
526 3707 702 3768 torrescere
725 3701 880 3788 flammis,

61 3811 156 3876 autin
177 3815 272 3881 melle
294 3816 388 3881 situm
411 3815 562 3882 suffocari
584 3823 681 3900 atquc
704 3817 808 3900 sigere

63 3987 246 4006 '·-—-—...—-

67 4111 177 4163 ditmcx
196 4113 210 4181 Η
230 4117 353 4180 prohibe.
374 4114 387 4186 Η
408 4121 458 4169 868
472 4119 576 4169 annullo
590 4120 666 4170 anulo
688 4117 700 4188 Η
721 4121 770 4168 871
791 4129 862 4183 putes
881 4117 895 4188 Η
915 4123 965 4170 873
979 4137 1012 4170 no
1033 4119 1046 4189 Η
1066 4124 1115 4170 877
1129 4137 1169 4170 ra·

64 4193 152 4249 dicitius
172 4199 185 4270 Η
205 4203 257 4252 880
270 4205 382 4256 iacerent
401 4203 414 4278 Η
436 4209 486 4257 886
499 4207 547 4260 Cui
570 4204 583 4278 Η
604 4209 653 4258 887
668 4221 694 4260 se
706 4207 846 4258 cormeum.
867 4205 880 4278 Η
901 4207 1005 4260 dolore.
1020 4205 1033 4278 Η
1054 4210 1105 4258 890
1119 4215 1169 4260 tor·

65 4295 187 4345 renascere
