3036 5150
309 367 351 436 76
791 393 793 397 ’
846 370 879 436 ΙΙ

310 540 515 626 diligentibus
526 541 654 606 invecta
665 539 772 608 iudico
786 589 793 606 .
809 542 870 608 hoc
885 560 925 608 aa
939 543 1013 628 ipsa
1028 561 1111 626 quae
1123 542 1263 628 aliquam
1275 543 1403 628 speciem

309 645 429 712 habent
444 645 607 730 paucitate
622 662 683 710 sua
697 643 912 730 persuadent.
928 665 1012 711 unus
1027 652 1076 711 est
1091 645 1184 712 huius
1199 644 1286 712 modi
1301 666 1403 713 versus

309 749 423 828 Ennii,
439 767 534 832 quem
549 747 682 832 protulit
694 747 818 814 Probus
833 747 875 813 ad
887 747 1024 832 Vergilii
1039 748 1184 831 eclogam
1200 751 1404 834 r1p.19,ll,

310 854 351 918 Et
366 851 471 918 denaia
483 851 594 937 aquila
603 851 714 937 peitatis
730 852 847 918 ohaaaa
863 851 988 917 volabat
1005 852 1120 918 Vento:
1135 851 1199 918 duo
1214 857 1289 918 suut
1303 851 1405 935 Vorgi-

308 955 402 1038 liani,
416 973 549 1037 quorum
562 952 699 1018 alterum
711 957 863 1018 notarunt
873 954 1091 1038 grammatici,
1103 953 1276 1038 utSergins
1287 955 1405 1041 puseo,

308 1059 405 1122 Dona
420 1055 531 1122 dehine
546 1078 625 1120 auro
641 1056 758 1141 prave'a
773 1069 914 1142 acetoque
929 1057 1109 1144 elephante,
1124 1057 1159 1122 iu
1174 1057 1277 1124 altero
1291 1077 1330 1124 ue
1344 1058 1406 1124 ser-

309 1159 382 1225 vius
397 1156 527 1242 quidem
543 1157 636 1223 metri
651 1157 843 1224 mentionem
860 1158 956 1242 fecit,
978 1159 1096 1226 Sancta
1115 1158 1160 1224 ad
1177 1183 1232 1226 voa
1247 1163 1353 1227 anima
1367 1174 1406 1225 ac

309 1286 368 1350 que
382 1262 476 1327 istius
490 1262 593 1326 ἱκεσία
608 1259 740 1346 ochrae.
758 1258 817 1326 hos
832 1261 929 1345 igitur
945 1261 1024 1326 satis
1039 1260 1252 1345 probabiliter
1267 1263 1313 1328 im
1326 1263 1407 1329 resti·

309 1364 354 1430 tui
370 1381 466 1448 posse
482 1362 650 1444 existimo,
666 1367 702 1426 ut
723 1359 882 1428 scribatur
904 1364 1015 1450 aquila
1037 1365 1110 1430 heito
1120 1415 1129 1447 ,
1152 1391 1173 1430 a
1194 1379 1335 1454 sectoque
1356 1367 1407 1433 ele·

305 1468 444 1554 phanto,
460 1464 578 1530 Sancta
593 1463 638 1528 ad
651 1487 706 1530 eoa
720 1467 830 1531 aalma
844 1478 937 1552 atque
951 1466 1061 1531 antheo
1076 1467 1194 1551 muas,-
1216 1487 1301 1551 quae
1316 1468 1407 1551 siquis

309 1573 482 1655 propterea
496 1565 708 1651 improbabit,
731 1565 817 1650 qnod
840 1567 907 1633 alia
921 1587 1004 1652 quae
1019 1567 1280 1634 emendationem
1302 1568 1407 1635 suade·

311 1675 368 1736 ant
389 1673 581 1752 argumenta
603 1673 731 1754 praeter
753 1669 846 1735 metri
861 1669 1062 1736 insolentiam
1078 1670 1169 1736 nulla
1182 1670 1248 1736 diei
1264 1679 1407 1757 possunt,

309 1777 394 1839 certe
416 1771 475 1836 illa
497 1771 685 1838 rarissimae
707 1776 738 1837 ct
759 1771 815 1838 rix
830 1770 1018 1857 probandae
1034 1773 1184 1858 exempla
1206 1792 1280 1840 esse
1302 1791 1408 1858 agnos·

309 1882 360 1942 cet
381 1872 557 1958 andusiae,
585 1891 682 1957 quam
711 1893 776 1940 non
803 1873 956 1941 credibile
978 1874 1020 1940 sit
1040 1875 1125 1941 ultra
1145 1875 1303 1944 tribreria
1324 1895 1408 1944 voca·

310 1978 386 2045 bula
408 1995 558 2060 umquam
581 1975 799 2061 processisse.
823 1997 898 2044 nam
926 1977 1051 2042 Horatii
1079 1977 1239 2044 editorum
1266 1978 1408 2066 supersti-

309 2081 429 2147 tionem
443 2097 537 2144 nemo
559 2077 728 2164 probabit,
752 2098 869 2165 spero,
892 2080 946 2164 qui
962 2077 1103 2146 nondum
1120 2081 1192 2148 ausi
1207 2083 1320 2147 sintin
1336 2081 1408 2146 libro

310 2205 321 2246 1
336 2200 517 2249 sermonum
532 2179 598 2264 3,l
615 2179 756 2247 scribere
771 2184 802 2248 io
817 2183 969 2266 bacchae,
985 2184 1292 2260 monstratumolim
1306 2203 1326 2250 a
1340 2185 1409 2248 'Pur-

310 2285 394 2352 nebo
416 2284 451 2349 in
472 2281 669 2348 adversariis
683 2301 752 2368 xrrr,
767 2283 806 2368 13
829 2283 899 2350 sive
917 2289 1016 2370 polita
1030 2284 1170 2352 bacchas
1185 2287 1329 2352 carmine
1346 2305 1408 2371 per·

310 2395 409 2474 petuo
432 2387 546 2452 estates
568 2390 599 2449 et
614 2386 824 2472 compellatas
839 2384 917 2452 dicit
933 2386 1082 2454 eomodo
1098 2407 1162 2472 quo
1178 2387 1220 2456 Μ.
1237 2389 1359 2454 'Pullius
1373 2385 1408 2452 de
1503 2421 1504 2436 κ

312 2489 428 2556 finibus
443 2488 525 2553 libro
541 2509 574 2572 rr,
590 2487 628 2552 18
645 2487 783 2554 Graecm
797 2503 969 2577 anapaesto
984 2491 1114 2576 amos,
1131 2491 1200 2558 sive
1223 2493 1328 2577 ipsum
1350 2509 1408 2556 oar·

311 2612 385 2658 men
407 2592 453 2655 ita
475 2592 609 2673 citatur,
625 2589 686 2656 hoo
708 2597 757 2657 est
779 2593 875 2658 celeri
891 2587 1003 2682 ἀγωγῇ
1018 2593 1204 2678 peragitur,
1221 2601 1257 2660 ut
1272 2591 1407 2662 Catullus
1503 2573 1504 2606 ¹

311 2695 408 2760 citata
424 2691 568 2779 tripudio
583 2690 664 2757 dixit
676 2693 727 2777 63,
740 2693 782 2760 26
795 2743 803 2778 ,
818 2701 855 2760 ul
869 2697 967 2762 citari
976 2719 1134 2784 paeonem
1149 2695 1261 2762 cicero
1285 2695 1325 2762 de
1347 2714 1407 2760 ora·
1503 2747 1504 2752 1

310 2803 380 2862 tore
397 2817 418 2874 1,
430 2794 491 2860 251
509 2799 541 2860 et
555 2793 762 2881 ithyphallicos
776 2797 988 2863 Terentianus
1004 2797 1136 2863 llaums
1152 2817 1249 2864 versu
1266 2799 1365 2866 1845.
1379 2797 1407 2862 in
1503 2781 1504 2824 ³

310 2897 474 2965 Iuvenalis
490 2896 589 2962 satira
604 2917 635 2980 x,
647 2896 690 2962 54
704 2896 786 2964 nihil
801 2899 873 2964 sani
891 2905 940 2965 est
954 2905 1010 2964 aut
1025 2900 1059 2964 in
1074 2899 1144 2983 bis,
1165 2900 1255 2987 Eepo
1269 2922 1407 2987 superva-
1503 2907 1504 2916 ’

311 3025 371 3067 eoa
386 3013 442 3066 aut
453 2999 635 3086 pernicioso
646 3012 817 3086 pacator,
838 3007 894 3066 aut
909 3001 941 3066 in
957 3002 1103 3087 proximo
1119 3021 1234 3069 versu:
1258 3002 1407 3069 sanabun·
1503 2985 1504 3000 ¹

314 3111 365 3170 tur
386 3102 496 3169 omnia
518 3099 686 3167 scribendo
706 3103 814 3190 Erpa,
838 3127 1036 3190 supervacua
1051 3118 1107 3170 cat
1120 3129 1159 3170 ae
1170 3107 1351 3192 perniciosa
1357 3127 1407 3190 pe·
1503 3133 1504 3136 ¹

311 3219 434 3291 tantur,
447 3205 582 3292 Propter
596 3204 745 3291 quaefaa
761 3219 806 3271 eat
814 3230 920 3292 pereae
930 3207 1074 3272 incerare
1086 3207 1213 3274 deornm
1225 3209 1241 3274 i
1255 3209 1289 3274 in
1300 3201 1406 3272 'libelli
1503 3277 1504 3302 ,

311 3331 332 3394 1,
346 3311 375 3393 l,
387 3309 427 3375 61
445 3326 537 3373 nemo
552 3324 638 3372 nuuc
653 3307 768 3390 probat
783 3306 870 3392 quod
886 3307 961 3374 libri
976 3307 1148 3395 exhibent,
1174 3311 1216 3377 Te
1232 3313 1317 3377 canit
1330 3306 1406 3396 opri-
1503 3317 1504 3392 l

311 3411 401 3493 cola,
416 3433 534 3496 mappa
544 3433 613 3474 cam
628 3410 747 3475 venerit
761 3411 857 3476 urhe.
873 3429 969 3496 porro
986 3431 1004 3478 e
1019 3411 1272 3479 consonantibus
1287 3426 1299 3477 t
1312 3410 1406 3476 littera
1503 3429 1504 3454 ¹

313 3511 437 3596 Ennio,
460 3517 496 3576 ut
518 3510 720 3596 supradixi,
737 3513 770 3578 in
785 3512 849 3580 fine
863 3512 1094 3579 vocabulorum
1111 3521 1176 3580 tam
1192 3533 1332 3582 crassum
1346 3507 1405 3576 red·
1503 3525 1504 3550 l

313 3615 390 3681 dere
411 3614 483 3678 visa
505 3619 554 3679 est
575 3633 709 3694 sonum,
732 3621 768 3681 ut
782 3621 892 3701 posset
906 3615 1067 3701 syllabam
1082 3617 1214 3701 longam
1236 3617 1358 3682 lacere:
1377 3611 1405 3674 in

312 3717 386 3783 aliis
402 3715 516 3782 litteris
528 3714 609 3780 haec
619 3720 741 3781 tantum
758 3716 889 3782 inveni.
906 3717 1042 3784 Postilla
1054 3767 1062 3804 ,
1076 3744 1231 3808 pameas
1245 3741 1349 3799 sora,
1365 3737 1405 3778 er·

311 3843 386 3884 rare
397 3817 526 3884 videbar
537 3841 549 3900 ,·
563 3817 590 3883 0
596 3829 709 3902 poter,
725 3820 895 3906 opeoitor,
911 3843 1081 3906 aeanpaea
1094 3821 1144 3886 ds
1154 3820 1323 3887 mandam
1330 3843 1341 3903 ,·
1359 3815 1404 3881 Ia·
1503 3861 1504 3880 t

313 3935 397 3988 terea
401 3920 495 4008 sapit
509 3919 591 3984 ahho’
607 3919 701 3984 sohar
712 3920 903 4008 Hyperioni
919 3946 1045 3988 caream
1056 3948 1068 4008 ,·
1082 3924 1281 4007 Imbrica‘tor,
1297 3917 1403 4008 marie

313 4049 373 4111 qne
388 4045 444 4088 sao
459 4021 670 4107 eamflamc'ne
685 4037 816 4109 actara,
834 4023 888 4091 sie
907 4025 1089 4110 expectabat
1095 4025 1239 4116 populas
1254 4037 1343 4111 atque
1356 4042 1405 4086 ora

314 4129 434 4192 coemat
450 4175 457 4190 .
472 4123 613 4190 Lucretii
637 4129 668 4189 et
682 4125 803 4191 Lucani
826 4126 916 4192 nulla
939 4125 1067 4191 omnino
1090 4127 1195 4192 estin
1217 4127 1278 4192 hoc
1298 4137 1403 4208 genere

312 4226 445 4293 licentia
461 4275 468 4290 .
488 4225 634 4310 plerique
650 4245 715 4292 non
731 4227 792 4294 nisi
808 4228 842 4293 in
859 4228 1004 4312 legitima
1019 4247 1154 4294 caesura
1168 4229 1221 4296 rel
1236 4234 1310 4294 aute
1323 4239 1403 4290 roco·

313 4329 391 4396 bula
413 4327 539 4394 Graeca
560 4328 675 4395 breves
698 4328 811 4396 finales
833 4329 1079 4416 produxerunt.
1100 4332 1147 4398 ita
1168 4331 1308 4397 Lucilius
1329 4317 1402 4408 apud

314 4431 455 4498 Nouium
474 4451 506 4515 p.
525 4431 598 4516 362,
618 4432 636 4496 7
661 4431 771 4500 Cerere
785 4433 950 4499 contemnit
965 4429 970 4518 Ι
988 4445 1017 4498 et
1030 4433 1065 4498 ia
1079 4457 1180 4498 naara
1194 4433 1297 4500 omnia
1303 4425 1401 4518 pouit·

315 4533 459 4600 Catullus
471 4548 581 4601 auctus
593 4535 632 4600 H
625 4557 783 4623 ymenaeo,
796 4537 860 4601 e‘am
873 4535 994 4601 dicetur
1005 4535 1222 4622 Hymenaeus.
1236 4527 1401 4619 Propertius
