3110 5146
586 387 590 398 ’
670 389 710 452 Vl
1181 387 1240 452 361

137 587 218 650 que:
234 561 320 627 idem
342 569 502 626 sorrentur
517 558 703 645 splendidus
725 557 823 624 solie.
839 557 912 622 Itali
928 557 1134 622 Fasuueus
1156 579 1242 621 esr:

137 663 234 732 iidem
259 664 334 730 Itali
356 670 388 729 el
409 669 568 729 eorreetnr
591 661 738 746 quadrati
762 660 948 747 splendidus
971 682 1095 724 onere.

221 769 295 836 209.
310 767 462 846 'Qurrue
492 785 581 829 euru
604 785 706 828 sours
732 784 778 826 ne
801 783 960 828 saurae.
978 764 1145 830 Correelor
1166 783 1242 847 qua·

136 871 218 937 drusi
242 877 275 937 et
297 889 368 935 eum
389 867 480 934 Italis
499 867 699 954 exemplaria
720 866 878 950 impressa
892 865 1016 952 Quippe
1038 868 1169 932 mentiri.
1185 865 1242 932 sed

136 975 169 1040 in
190 973 340 1059 proximo
362 969 504 1035 membro
521 976 590 1036 erat
612 969 687 1036 item
703 970 834 1050 arentin,
851 973 886 1032 ut
907 975 999 1053 putes
1015 987 1099 1034 nune
1109 987 1242 1034 eausam

136 1095 254 1142 eaesae
280 1073 344 1140 diei
358 1122 366 1139 .
382 1072 544 1156 fugientes
571 1072 694 1138 litteras
722 1070 842 1137 rodinis
864 1069 1031 1155 arebetypi
1058 1070 1175 1136 reetius
1198 1072 1244 1137 ita

136 1177 345 1261 colligemus,
362 1175 457 1254 Qum
484 1196 597 1240 eursu
618 1175 714 1241 eniri.
731 1172 843 1239 ‘nubes
869 1193 939 1238 eum
968 1179 1084 1238 natura
1109 1192 1170 1239 sua
1196 1193 1244 1239 se·

136 1281 224 1346 mina
249 1278 334 1362 iguis
357 1277 541 1362 continent,
557 1283 622 1342 lum
648 1277 757 1344 nliaa
783 1271 903 1342 lumine
930 1275 1008 1341 solis
1032 1276 1242 1361 eoueipiuul’.

135 1380 298 1448 versu2ll
309 1381 467 1468 permulta
475 1381 604 1465 vaporis
612 1379 740 1446 Semina
751 1379 864 1445 bebere
873 1403 967 1444 envas
978 1379 1092 1460 rnaben,
1105 1391 1133 1444 es
1143 1379 1243 1442 mulin

136 1498 287 1552 necessest
309 1483 486 1570 Concipere
500 1507 539 1548 ee
561 1482 638 1548 soles
659 1481 784 1548 radiis.

221 1588 294 1653 210.
319 1607 364 1650 ur
379 1604 519 1650 uanrro
535 1603 718 1648 runessr.
734 1583 808 1650 llali
824 1589 856 1649 el
870 1581 1047 1649 Brixisnsis
1062 1581 1163 1648 editio
1179 1605 1242 1647 su-

136 1711 275 1756 nasur.
1016 1673 1022 1684 '

219 1793 293 1858 213.
330 1811 402 1862 Qua
439 1811 598 1854 rucruur
634 1809 808 1853 resana
846 1783 1014 1853 lunense
1051 1809 1247 1854 cononem

136 1897 276 1983 Fnbynre
298 1892 493 1960 Veronensis
516 1891 639 1958 editio.
663 1897 748 1957 reete
771 1891 931 1957 Aventius
954 1911 1146 1955 russone:
1167 1911 1242 1956 narn

124 1998 259 2085 snlqere
282 1995 436 2079 produete
452 1994 632 2061 Lucretium
648 2014 713 2060 ιιοιι
731 1993 838 2060 disere
854 1992 994 2060 vidimus
1009 1993 1092 2060 libro
1117 1993 1221 2078 ι,168
1235 2043 1241 2056 .

136 2120 265 2167 versum
288 2098 467 2184 proximum
489 2097 615 2164 Nonius
637 2096 734 2162 babet
755 2096 874 2182 neos,
889 2097 948 2164 12.

221 2203 294 2268 216.
317 2221 544 2266 ιιιιιιιιτιιιε.
561 2200 587 2266 1.
609 2199 646 2265 B.
670 2200 748 2266 Pius
769 2219 967 2264 rannerus.

127 2372 133 2380 ,
220 2305 292 2370 211.
315 2325 390 2368 rurs
412 2325 495 2367 surra
518 2305 1062 2368 rsareo'l'ennonu·erson1s
1085 2325 1240 2368 euserr.

77 2477 80 2482 ,
133 2411 176 2474 Er
198 2427 335 2472 sosrru
359 2405 536 2472 Marullus.
552 2403 773 2472 Wakefieldus
795 2423 866 2469 num
890 2403 1029 2470 Antonio
1053 2405 1146 2471 Marii
1175 2406 1241 2472 lilio

132 2511 263 2593 εοιιίιιὶς,
280 2509 371 2594 quasi
388 2509 420 2574 in
436 2507 497 2574 boe
511 2527 630 2592 genere
645 2506 801 2592 quidlibet
823 2506 944 2574 audere
966 2509 1080 2575 lineat.
1097 2510 1240 2592 genetivi

133 2612 289 2679 innumeri
301 2617 390 2695 suut,
403 2616 439 2677 ut
448 2613 558 2696 senili,
571 2613 691 2694 ornati,
705 2609 845 2694 adventi,
857 2611 988 2698 yemisr':
1003 2612 1141 2696 pluralia
1152 2613 1242 2678 nulla

131 2716 229 2798 novi,
245 2715 412 2801 nisiflneti
423 2719 455 2780 sl
470 2716 573 2798 uersi,
589 2719 621 2779 sl
635 2713 667 2779 lu
682 2712 822 2796 obliquis
842 2737 1023 2797 aereorum,
1038 2716 1157 2798 verum,
1172 2739 1240 2801 epe·

130 2819 177 2882 eis
188 2867 198 2900 ,
208 2818 312 2904 serub,
333 2817 466 2900 anestia,
484 2835 568 2900 quae
589 2821 739 2881 nutarunt
760 2815 886 2881 Nonius
908 2836 940 2900 p.
952 2815 1013 2881 487
1027 2864 1036 2899 ,
1052 2814 1094 2880 23
1108 2815 1182 2898 488,
1202 2811 1239 2878 11

129 2918 358 3002 48354928
382 2923 414 2984 et
436 2918 620 2985 Priscianus
642 2917 771 3002 nula.
787 2917 1017 3003 errnanuius
1041 2917 1073 2982 in
1095 2919 1241 2984 mnean'e

105 3019 301 3106 «p.138‚9.
730 3037 733 3044 ’
1189 3021 1191 3026 ’

215 3123 289 3190 219.
313 3122 420 3202 Quor>
444 3145 563 3188 surae
584 3143 670 3208 asu,
686 3143 831 3187 urruns
859 3143 1021 3187 suenrus
1051 3143 1240 3188 consruur

131 3227 321 3310 Fuuurus,
343 3247 567 3290 necusnsur
593 3245 679 3290 rcru
706 3245 750 3288 aa
776 3245 909 3289 ruusrn
937 3245 1098 3290 vsroars
1120 3225 1239 3293 Srans

128 3349 330 3400 nurusque
358 3349 493 3393 ussvrs
520 3349 703 3394 asussrrs
734 3347 918 3393 suuruurs
951 3348 1085 3392 sums.
1109 3330 1240 3397 Abantis

127 3431 272 3498 suldunis
288 3429 464 3515 quadratus
480 3480 488 3498 .
505 3431 681 3500 Lambinus
694 3431 871 3498 reetissime
887 3451 1003 3502 uuum
1016 3445 1133 3497 natura
1144 3457 1238 3520 prae-

128 3533 198 3600 dira
208 3545 347 3599 remeent
356 3581 366 3615 ‚
383 3539 418 3598 ut
429 3555 525 3601 versu
541 3535 623 3602 739.
643 3541 709 3601 lum
724 3557 840 3621 vapore
855 3532 1004 3619 impressi
1016 3552 1148 3600 omnes:
1165 3533 1238 3600 Ilali

127 3641 160 3700 er
170 3634 328 3701 Marullus
347 3634 511 3703 declarant
533 3639 613 3704 ιὀιιιι
636 3649 664 3702 et
686 3639 793 3704 inusta
815 3635 984 3720 (Marullus
1007 3637 1058 3702 vel
1075 3635 1239 3703 candidus

127 3735 235 3820 ms'sta)
258 3761 374 3823 uapore
393 3737 515 3824 Sinna.
532 3738 590 3806 sed
614 3739 694 3806 intus
718 3737 881 3823 fulminis,
899 3737 932 3804 id
955 3746 1004 3806 est
1024 3739 1143 3825 plaga,
1162 3760 1239 3824 quo·

127 3838 224 3905 modo
253 3837 397 3906 declaret
421 3839 548 3923 igneam
577 3861 649 3908 esse
681 3827 825 3907 fulminis
852 3849 999 3908 naturam
1027 3859 1092 3907 non
1120 3841 1237 3908 video.

126 3938 349 4007 Wakefieldus
379 3941 538 4009 subbalbe
561 3963 600 4010 ae
627 3943 811 4011 subinsulse
839 3947 903 4010 ictu
924 3943 1089 4010 enbrbaesn
1110 3947 1239 4032 vaporis

126 4041 249 4129 Siqua.
266 4041 404 4108 iortmse
420 4043 499 4110 latet
521 4045 645 4130 aliquid
660 4045 786 4113 dontius
799 4096 808 4125 ‚
823 4045 882 4112 sed
902 4046 1174 4132 simplicissimum
1190 4055 1239 4114 est

126 4145 189 4210 ablu
203 4163 301 4208 uocs
317 4145 445 4228 inusta,
460 4150 590 4234 vapor-nb
602 4148 724 4236 Siqua,
738 4162 890 4235 notaeque
898 4149 1010 4234 grauia
1021 4148 1161 4215 buloniae
1172 4151 1236 4216 sul

120 4247 218 4333 parab
239 4267 383 4310 sunus.
399 4266 474 4313 nam
497 4274 596 4315 aaran
618 4256 703 4318 reete
725 4250 903 4316 Marullus.

210 4349 284 4414 223.
308 4349 536 4416 Passennus
570 4374 610 4416 su
643 4374 889 4419 secernens.
913 4353 988 4420 Itali
1022 4358 1054 4419 ei
1082 4353 1237 4420 Marullus

124 4451 195 4617 ἓίιιο
217 4469 315 4517 sensu
326 4476 387 4538 per
408 4477 460 4519 ne.
478 4454 615 4521 Vossius
631 4461 662 4521 et
677 4453 899 4523 Wakefieldus
914 4477 1052 4540 suere,
1068 4456 1155 4540 quod
1170 4455 1235 4522 sui·

145 4552 190 4620 eit
202 4601 211 4619 .
