3052 5150
673 363 717 428 ιν
1186 367 1253 472 εηῡ1

147 533 262 619 Hygini
277 533 354 616 119)
376 539 409 599 et
429 534 577 601 Tibullus
600 534 642 602 de
663 533 824 601 ominibus
850 537 914 620 r,3‚
930 536 969 602 13
992 537 1112 604 Ueneto
1132 536 1252 604 dobant

146 636 262 703 redium
273 686 283 719 ‚
298 633 450 720 idemque
472 636 634 720 Vergilius
661 661 788 702 cursam
816 636 895 704 dori
920 639 973 704 vel
1002 638 1170 722 naviganti
1197 640 1251 706 vel

145 757 244 822 equo,
262 741 344 804 Aen.
359 759 405 821 m,
419 737 480 804 337
503 759 534 822 x,
547 739 629 806 870.
645 738 688 805 ad
711 738 798 823 quod
812 740 993 824 exemplum
1009 742 1157 808 Lucretio
1179 740 1251 808 red·

144 839 283 906 dandum
298 839 381 906 duee
395 840 436 904 Io
449 829 510 906 oua
524 827 695 907 debooaaaor
710 841 854 906 dederint
863 842 1046 928 primordia
1060 863 1249 928 euomuit,

144 943 265 1010 soilioet
286 942 423 1026 singulis
445 943 574 1008 animae
596 949 628 1008 et
651 942 794 1027 eorporis
815 943 981 1027 partibus.
1274 949 1284 966 '

225 1045 280 1110 42.
302 1065 510 1110 rrruorrs.
534 1045 689 1110 Marullus
719 1045 863 1132 effipieo,
886 1045 920 1110 in
952 1045 1014 1113 hoo
1047 1067 1155 1114 errore
1185 1047 1249 1115 sibi

142 1154 293 1216 eorsum
306 1197 314 1232 ,
329 1147 504 1214 Lambinus
526 1167 720 1212 rsrroms.
741 1165 837 1213 versu
862 1147 922 1214 105
945 1169 985 1216 ex
1000 1150 1142 1238 Effiqioe
1164 1149 1249 1217 dele-

142 1259 206 1316 tum
228 1275 250 1316 o
271 1251 307 1316 in
329 1248 492 1332 oblongo,
508 1249 654 1315 additum
675 1273 693 1315 a
714 1249 748 1314 in
763 1249 944 1334 quadrato,
960 1257 1127 1336 utrumqne
1146 1271 1250 1319 aeor-

141 1353 338 1421 reotoribus.
355 1370 452 1417 versu
474 1350 515 1418 85
538 1353 671 1433 uterque
694 1350 840 1437 effigias.

224 1455 277 1522 43.
300 1453 464 1519 Mrrrmrr
485 1475 530 1517 nn
552 1473 689 1537 rusus,
706 1473 831 1518 suuuo
852 1475 899 1518 ns
920 1476 1080 1520 oonrrcr
1102 1477 1248 1523 uorum.

139 1560 237 1626 Recte
259 1555 435 1634 Lambinus
462 1576 651 1640 corroso,
668 1575 708 1622 ex
729 1545 848 1622 'codiee
870 1557 1048 1643 Vaticano,
1071 1558 1194 1643 inquit,
1214 1565 1249 1626 ut

69 1727 74 1738 ,
139 1661 266 1728 ruinam
289 1658 410 1724 bomini
433 1659 527 1725 dooto
550 1667 583 1725 et
600 1664 695 1724 aeuto
719 1657 778 1723 boo
793 1657 948 1724 dabantur
970 1657 1174 1743 ignoremus.
1189 1661 1248 1729 sed

137 1763 225 1830 idem
247 1761 424 1827 Lambinus
445 1762 531 1828 male
553 1779 624 1828 oum
647 1760 738 1827 Italis
761 1767 792 1826 et
814 1759 950 1828 Marullo
974 1786 1103 1829 eorum.
1123 1785 1248 1830 nurum

137 1864 345 1932 scribendum
369 1883 441 1930 esse
455 1870 624 1950 apparete
646 1883 742 1929 versu
757 1862 818 1948 64,
834 1864 884 1929 Ab
905 1865 997 1930 rebus
1011 1861 1112 1948 malti,
1128 1891 1248 1934 summo

136 1967 175 2034 da
192 1990 323 2054 corpore
338 1990 463 2033 rerum.
480 1965 627 2034 sicinina
643 1965 705 2032 130
727 1966 814 2044 Quae
829 1989 959 2052 cumque
974 1967 1014 2032 ab
1032 1967 1126 2062 νώτῳ
1140 1993 1247 2035 rerum

136 2070 314 2136 simulacrd
335 2068 503 2136 recedunt.
522 2070 582 2136 163
604 2069 658 2136 sb
680 2069 719 2133 ab
741 2067 834 2133 rebus
854 2068 927 2134 item
942 2105 982 2114 -
997 2092 1104 2136 aarum
1118 2071 1246 2137 mmuh·

136 2172 377 2258 eraseruntar.
393 2171 456 2238 695
473 2171 525 2237 Em
547 2171 610 2236 alto
630 2172 771 2256 porinum
790 2170 868 2255 qur'a
888 2171 944 2236 vice
959 2171 1108 2237 omittitur
1130 2195 1170 2238 en
1190 2197 1246 2240 re.

223 2272 361 2339 lb-ne.
384 2271 460 2337 San
483 2293 652 2344 ououruu
674 2293 811 2356 nocu1,
829 2292 1053 2336 cuuoraeun
1075 2293 1247 2340 uxorum

136 2396 262 2440 ramum
285 2373 435 2454 Quium
463 2395 542 2438 smr
571 2397 617 2439 ar
645 2395 747 2447 euru
776 2395 906 2438 virus
933 2395 1138 2440 mersum
1159 2397 1247 2442 ror·

135 2499 198 2542 rus
225 2476 375 2543 Srosra
409 2497 479 2542 sur
511 2497 698 2542 voorosuo
731 2497 901 2542 turnare
932 2498 1094 2542 Panum
1123 2498 1246 2565 uoru,

135 2581 299 2661 Quooun
325 2599 427 2644 aomo
457 2599 589 2644 rossrr
616 2575 683 2643 aas
718 2601 764 2644 rx
791 2601 851 2644 rus
880 2601 1059 2652 ouanoun
1089 2603 1245 2648 ornam.

134 2683 226 2750 liaeo
247 2681 403 2748 Marullus
425 2681 469 2747 ad
492 2701 565 2748 eum
586 2683 691 2748 loeum
714 2703 809 2766 quem
831 2681 893 2748 sibi
915 2683 1080 2767 postulant
1101 2681 1246 2770 traiecit,

135 2785 197 2852 boo
219 2791 366 2851 estante
387 2803 516 2851 versum
538 2785 600 2850 26.
620 2783 679 2850 sed
708 2785 759 2851 his
786 2784 934 2851 versibus
960 2785 1130 2870 exponitur
1152 2805 1246 2870 argu-

134 2893 279 2955 mentum
305 2887 381 2954 libri
407 2885 559 2972 seeundi,
576 2905 636 2953 nee
663 2885 746 2952 solet
767 2887 934 2952 Lueretius
959 2887 1007 2952 ita
1031 2887 1074 2952 ad
1100 2907 1154 2955 res
1181 2889 1247 2954 iam

133 2997 286 3076 peraotns
301 2989 430 3056 redire.
454 3008 555 3074 quare
581 2987 793 3056 dubitandum
819 2995 957 3056 non-est
983 2989 1062 3073 quin
1090 2988 1171 3057 haee
1192 2991 1247 3058 ille

133 3093 238 3159 leetor
259 3091 489 3178 philosophus,
506 3092 595 3158 onius
617 3091 765 3158 novimus
784 3091 1084 3176 intemperantiam,
1101 3111 1141 3158 ex
1163 3092 1245 3158 libro

134 3195 232 3262 tertio
255 3193 384 3261 31-34
408 3194 442 3260 in
468 3195 553 3262 buno
579 3193 800 3260 transtulerit.
824 3193 858 3258 id
886 3212 1014 3278 quoque
1040 3193 1246 3260 manifestum

134 3303 205 3381 est,
223 3317 296 3363 enm
312 3295 367 3380 qui
389 3297 464 3364 buio
478 3296 561 3363 libro
583 3295 805 3383 prohoemium
819 3295 967 3383 praefixit
982 3301 1159 3364 oeterorum
1182 3295 1246 3365 dis·

133 3399 356 3482 simillimum,
372 3397 431 3464 bos
442 3419 554 3466 versus
570 3405 645 3465 ante
656 3398 698 3464 26
709 3399 846 3484 scriptos
862 3419 926 3466 nou
937 3398 1110 3484 babuisse,
1126 3399 1246 3486 quippe

134 3503 190 3587 qui
206 3499 348 3568 Lueretii
370 3501 472 3567 verba
485 3521 569 3585 quae
592 3506 684 3568 erant
703 3501 737 3566 in
760 3500 843 3566 libro
858 3503 962 3587 primo
984 3503 1068 3584 950,
1085 3501 1160 3568 dum
1172 3527 1245 3590 per·

133 3605 235 3692 spicat
256 3627 321 3688 quo
334 3615 448 3670 cerates
462 3618 584 3691 compto
603 3605 710 3690 doura
720 3653 729 3686 ,
745 3603 778 3668 in
799 3609 913 3686 quarto
935 3623 1066 3671 servare
1088 3605 1226 3672 uoluerit
1237 3657 1246 3690 ,

134 3706 194 3773 sed
218 3705 332 3772 ferent
354 3705 429 3772 dum
437 3708 582 3794 permitis
596 3707 754 3772 Naturam
770 3731 877 3773 rerum
899 3731 937 3772 oo
953 3709 1112 3794 persentio
1126 3710 1245 3776 utilite·

134 3823 216 3892 tem,
237 3807 360 3875 soiliee't
380 3829 421 3874 ne
443 3808 508 3874 illis
530 3803 594 3875 uuo
618 3828 713 3876 versu
739 3809 905 3874 interiecto
932 3811 1039 3876 statim
1061 3811 1247 3878 suooederet

134 3911 251 3979 eodem
268 3910 425 3977 vobabulo
437 3911 553 3978 iterato
565 3924 686 3997 compta
697 3913 837 3998 erpere,-
851 3929 916 3976 non
929 3909 1090 3998 fauturus,
1107 3919 1142 3978 ut
1152 3920 1244 3998 puto,

134 4014 162 4080 si
186 4015 329 4098 quinque
351 4032 501 4080 versuum
524 4011 696 4080 discrimen
718 4013 964 4081 intervenisset.
981 4021 1120 4082 ueterum
1134 4016 1246 4082 Forbi·

135 4115 277 4200 gerhoo
298 4135 412 4182 vorsus
434 4121 508 4182 ante
531 4135 591 4207 me·
609 4116 642 4180 in
664 4116 881 4201 suspicionem
902 4117 1052 4202 vocavit,
1074 4115 1133 4184 sed
1155 4117 1247 4186 nulla

135 4217 178 4284 da
202 4236 323 4284 eausa:
337 4217 418 4284 ‘loeo
440 4217 639 4284 alienissimo
662 4217 783 4284 inserti’
805 4219 908 4302 iuquit
929 4217 1003 4286 ‘iam
1025 4218 1218 4286 adfuerunt’.

222 4321 275 4386 51.
299 4318 372 4399 Qur
394 4341 508 4392 euasi
529 4319 734 4386 uana'anua
756 4341 825 4384 vau
848 4341 995 4386 coernx
1016 4341 1244 4386 nourururs·
1293 4373 1297 4382 ,

134 4441 251 4488 nnsr.
273 4421 456 4502 Quadratus
479 4421 565 4502 Quae
587 4426 620 4489 oi
638 4425 814 4490 membrano
825 4471 835 4505 ‚
856 4425 964 4509 priore
986 4449 1002 4489 a
1023 4424 1128 4510 prima
1148 4443 1244 4489 mann

135 4543 238 4610 supra
269 4525 415 4611 seripto:
437 4529 504 4592 tum
537 4524 621 4593 idem
653 4527 781 4594 omniuo
807 4525 968 4594 derideat.
991 4524 1078 4612 apud
1104 4523 1245 4594 Nonium
