3052 5144
547 553 595 603 ζ,
593 553 652 580 Ι)

28 645 95 687 rra
121 643 165 686 an
188 623 359 758 tenebra?
364 624 437 688 Orci
461 623 544 688 visat
566 630 739 704 vastasque
762 623 916 700 lacunas

121 758 164 800 an
189 757 229 819 pe
272 713 361 801 ii'es
354 738 437 802 alias
462 737 614 802 divinitus
637 737 853 814 insinuatae,

120 851 245 913 Ennius
267 857 301 913 ut
324 859 432 916 noster
455 853 588 928 cecinit
614 851 666 934 qui
698 851 768 914 rrim
773 871 856 946 usa
912 872 973 918 eno

121 963 253 1030 detulit'
259 985 299 1029 ex
323 967 476 1032 Helieone
499 968 629 1051 perenni
653 966 766 1030 ircnde
790 985 962 1042 caronam,

120 1100 181 1164 per
202 1053 721 1168 genris'ltaffii'nonmifflffi
744 1081 832 1147 clara
854 1045 994 1160 cluerct;

24 1221 36 1263 1
47 1219 93 1262 ’a
119 1195 183 1260 etsi
123 1201 373 1294 practerea
394 1201 500 1260 tamen
524 1213 596 1260 esse
618 1195 796 1260 Acherusia
822 1196 941 1280 templa

121 1269 248 1410 EQ
268 1311 408 1418 aessrgqis
431 1309 562 1392 exponit
584 1308 729 1404 versibus
753 1309 878 1384 cidem,

119 1440 188 1509 quc
210 1443 316 1504 neque
339 1429 553 1506 permaneant
574 1423 702 1487 animae
724 1443 828 1506 neque
851 1445 988 1509 corpora
1010 1435 1138 1503 nostra,

118 1537 179 1602 aed
202 1538 359 1618 quaedam
386 1533 559 1620 simulacra
581 1537 687 1602 modis
708 1537 866 1626 pallentia
888 1541 997 1622 miris3
1037 1609 1038 1613 ,

119 1651 209 1716 unde
232 1651 293 1716 sibi
318 1661 461 1752 exortam
485 1671 629 1744 semper
630 1653 927 1728 flomnuaHmca·

30 1791 91 1836 ,aa
121 1775 356 1870 commemorat
378 1767 524 1883 speciem
546 1767 710 1879 lacrimas
716 1767 882 1832 effundere
905 1769 1011 1834 salsas

120 1883 269 1964 coepisse
293 1889 324 1946 et
348 1889 621 1976 renumjatumm
644 1837 887 1964 expantieri
852 1876 965 1947 dictis.

118 2016 188 2078 qua
211 2001 340 2078 propter
362 1995 446 2059 benc
470 2015 541 2060 cnm
565 1995 752 2079 superinde
776 1996 871 2062 rebus
895 1965 1090 2062 habendam

117 2111 217 2174 nobis
240 2117 288 2174 est
310 2111 411 2182 ratic
436 2111 514 2176 solis
538 2111 698 2192 lunaeque
721 2115 844 2174 meatus

122 2225 290 2308 quatiant
312 2225 456 2332 ratique,
479 2233 511 2290 et
533 2225 649 2306 quavi
674 2241 820 2306 quaeque
841 2234 993 2309 gerantur

29 2365 89 2409 ran
119 2341 155 2404 in
180 2339 290 2422 terris,
314 2345 377 2402 tum
403 2338 608 2422 cumprimis
633 2338 757 2404 ratione
780 2339 890 2422 sagaci

118 2453 208 2518 unde
230 2453 339 2517 anima
362 2461 456 2534 atque
479 2453 575 2516 animi
599 2458 724 2518 constet
746 2460 860 2518 natura
883 2453 1076 2538 videndum,

115 2577 152 2633 et
177 2588 258 2648 quae
283 2587 334 2632 res
358 2567 449 2632 nobis
472 2567 679 2649 vigilantibus
702 2568 798 2632 obvia
816 2575 940 2633 mentes

118 2681 273 2748 terrificet
295 2683 405 2746 morbo
429 2680 565 2747 adfectis
586 2701 763 2764 somnoque
786 2682 938 2766 sepultis,

119 2816 256 2864 cernere
280 2796 323 2860 uti
346 2797 511 2862 videamur
533 2816 589 2862 eoa
612 2795 789 2878 audireque
812 2815 940 2879 corani,

32 2939 87 2982 raa
120 2921 225 2976 morte
248 2913 336 2978 obita
359 2932 491 2994 quorum
517 2911 611 2976 tellus
634 2913 833 2995 amplectitur·
856 2931 948 2976 ossa.

166 3028 235 3092 Nec
258 3046 308 3090 me
330 3027 428 3091 animi
450 3026 534 3090 saliit
556 3027 723 3090 Graiorum
747 3027 885 3092 obscura
909 3031 1033 3108 reperta

118 3142 253 3208 difficile
277 3141 447 3206 inlustrare
473 3141 592 3205 Latinis
614 3142 759 3206 versibus
781 3161 872 3225 esse,

119 3257 225 3321 multa
247 3256 339 3320 novis
363 3255 468 3320 verbis
491 3256 678 3339 praesertim
701 3276 772 3320 cum
795 3257 834 3320 sit
858 3255 1020 3338 agendum

117 3375 253 3455 propter
277 3377 450 3451 egestatem
475 3370 604 3453 linguae
627 3376 658 3433 et
680 3389 783 3435 rerum
808 3371 1000 3436 novitatem:

36 3509 92 3554 r-nr
122 3485 185 3550 sed
208 3491 264 3549 tua
286 3504 336 3550 me
359 3487 460 3552 virtus
481 3491 588 3550 tamen
612 3491 644 3550 et
665 3477 793 3568 spe'rata
815 3486 961 3569 voluptas

120 3599 234 3665 suavis
255 3600 414 3664 amicitiae
436 3599 581 3681 quemvis
604 3599 736 3665 sufferre
759 3601 901 3666 laborem

122 3713 241 3780 suadet
263 3721 296 3779 et
317 3715 438 3778 inducit
459 3720 569 3780 noctes
591 3715 724 3798 vigilare
746 3735 897 3791 serenus,

124 3834 331 3910 quaerentem
356 3829 448 3892 dictis
471 3829 586 3911 quibus
610 3839 641 3895 et
664 3850 727 3910 quo
750 3829 889 3896 carmine
912 3829 1039 3895 demum

124 3943 216 4008 clara
238 3951 311 4006 tuae
333 3943 452 4026 passim
475 3943 696 4027 praepandere
718 3943 839 4008 lumina
860 3946 977 4029 menti,

39 4083 94 4128 ιιι,
126 4077 180 4122 res
201 4058 317 4142 quibus
339 4059 479 4123 occultas
500 4057 626 4140 penitus
649 4058 812 4125 convisere
835 4059 961 4142 possis.

168 4171 262 4238 Hunc
285 4173 381 4254 igitur
403 4179 554 4238 terrorem
578 4171 675 4238 animi
698 4174 913 4256 tenebrasque
934 4177 1097 4240 necessest

128 4423 173 4472 121
195 4422 291 4474 edens.
312 4421 326 4492 ΙΙ
350 4425 398 4472 lau
418 4422 547 4488 coepisset
565 4437 648 4474 rerum
668 4419 682 4492 ΙΙ
704 4425 753 4474 130
773 4433 831 4474 tunc
849 4421 865 4502 tt
887 4427 933 4474 141
955 4422 1043 4474 eticae
