3020 5146
351 455 411 518 186
617 511 624 526 ,
895 447 921 508 V

347 625 410 683 tum
434 619 559 683 demum
584 617 690 701 pueris
713 637 793 682 aevo
816 617 947 683 florente
970 618 1116 682 iuventas

349 734 464 816 occipit
486 735 517 793 ct
539 727 626 794 molli
649 731 743 796 vestit
764 732 917 814 lanugine
939 733 1061 810 malas3

274 870 324 916 eoo
348 867 389 912 ue
413 848 493 912 sorte
516 864 556 910 ex
579 844 706 909 bomine
728 849 760 911 et
780 847 924 922 getcrino
948 845 1069 910 semino
1092 824 1272 926 equorum

349 961 477 1028 confieri
502 959 616 1024 credas
639 959 816 1025 Centauros
837 981 932 1044 posse
956 978 1059 1042 neque
1082 979 1173 1036 esse,

348 1083 404 1140 aut
425 1073 546 1139 rabidis
570 1072 704 1138 canibus
727 1075 905 1140 succinctas
927 1073 1137 1140 semimarinis

351 1189 537 1274 corporibus
560 1186 709 1270 Scyllas,
727 1194 758 1252 et
780 1195 885 1252 cetera
908 1188 949 1252 de
972 1207 1090 1272 genere
1112 1189 1245 1271 horum,

349 1304 431 1368 iuter
452 1323 487 1368 se
511 1323 644 1384 qnorum
668 1301 831 1366 discordia
853 1302 996 1368 membra
1018 1302 1183 1380 videmus3

274 1439 323 1484 999
350 1437 433 1500 quae
456 1437 558 1499 neque
581 1415 751 1481 florescunt
773 1416 892 1499 pariter
915 1435 973 1482 neo
996 1418 1114 1482 robora
1136 1425 1267 1482 sumunt

350 1531 536 1615 corporibus
560 1547 662 1610 neque
685 1529 843 1611 proiciunt
865 1537 970 1596 aetate
993 1540 1143 1616 senecta,

305 1670 312 1683 ·
350 1665 409 1710 nec
431 1643 525 1709 simili
548 1643 672 1707 Venere
696 1643 867 1709 ardescunt
890 1666 949 1710 nec
972 1647 1112 1710 moribus
1135 1645 1205 1709 unis

350 1757 562 1840 conveniunt,
580 1776 685 1838 neque
708 1765 782 1821 suut
804 1757 916 1824 eadem
941 1757 1080 1824 iucunda
1103 1779 1159 1844 per
1181 1765 1299 1825 anus.

350 1874 469 1957 quippe
492 1873 603 1936 videre
625 1871 700 1936 licet
723 1871 931 1954 pinguescere
955 1893 1053 1958 saepe
1075 1873 1178 1938 cicuta

275 2009 324 2054 ooo
350 1988 535 2070 barbigeras
559 1985 720 2070 pecudes,
736 1985 856 2051 homiui
879 2009 962 2070 (puae
985 1995 1128 2053 estsere
1150 2006 1339 2052 venenum.

334 2102 485 2191 ‚denique
509 2101 636 2166 flamma
659 2101 788 2182 quidem
811 2123 881 2166 cum
904 2123 1039 2186 corpora
1061 2102 1147 2166 lulva
1169 2102 1307 2168 leonum

349 2224 412 2280 tam
437 2218 539 2282 soleat
561 2222 679 2280 torrere
701 2223 796 2298 atque
818 2237 909 2281 urere
933 2237 1029 2299 quarn
1051 2235 1153 2301 genus
1176 2235 1273 2280 omne

348 2331 478 2396 visceris
501 2331 534 2394 in
557 2331 647 2396 terris
671 2330 755 2412 quod
779 2351 914 2414 cumque
938 2337 968 2398 et
991 2331 1155 2414 sanguinis
1178 2337 1292 2408 extet,

351 2446 404 2526 qui
428 2445 494 2510 fieri
517 2445 638 2530 potuit,
656 2444 771 2530 triplici
795 2466 866 2510 curu
890 2465 1023 2531 corpore
1046 2453 1080 2511 ut
1102 2465 1186 2530 una,

274 2579 323 2626 999
349 2561 450 2644 prima
473 2559 544 2642 leo,
561 2567 720 2642 postrema
743 2559 860 2644 draco,
878 2560 984 2626 media
1006 2563 1098 2646 ipsa,
1115 2560 1293 2626 Chimaera

348 2694 403 2739 ore
426 2673 514 2740 foras
538 2693 642 2738 aorem
666 2674 756 2739 flaret
778 2674 819 2740 de
842 2695 975 2760 corpore
997 2677 1184 2741 flammam?

349 2809 448 2872 quare
472 2789 567 2854 etiam
591 2789 704 2854 tellure
729 2809 810 2854 nova
833 2791 987 2872 caeloque
1010 2791 1130 2856 recenti

348 2903 428 2968 talia
451 2905 505 2986 qui
528 2903 617 2988 fingit
641 2905 782 2988 potuisse
806 2905 957 2969 animalia
979 2905 1087 2990 gigni,

349 3021 441 3084 nixus
463 3019 496 3083 in
519 3019 580 3085 hoc
602 3039 665 3082 uno
689 3019 837 3085 novitatis
859 3020 988 3084 nomine
1010 3021 1118 3097 inani,

275 3153 325 3200 oro
350 3135 448 3198 multa
470 3135 544 3198 licet
566 3133 662 3198 simili
684 3133 807 3198 ratione
831 3134 954 3198 effutiat
977 3153 1052 3210 ore,

349 3269 447 3314 aurea
470 3257 534 3313 tum
558 3247 644 3314 dicat
662 3253 723 3332 'per
745 3253 848 3314 terras
870 3247 1000 3312 flumina
1022 3249 1117 3331 vulgo

349 3361 499 3438 fluxisse,
516 3363 556 3430 et'
568 3364 701 3444 gemmis
724 3363 837 3429 llorere
860 3363 992 3428 arbusta
1014 3369 1145 3438 999999,

348 3485 403 3542 aut
426 3476 583 3543 hominem
607 3485 696 3542 tanto
720 3479 930 3542 membrorum
955 3497 1026 3542 9999
1048 3477 1165 3560 impeto
1188 3485 1324 3561 natum,

349 3599 438 3656 trans
461 3592 563 3656 maria
585 3592 650 3656 alte
674 3590 792 3676 pedum
815 3591 903 3656 nisus
926 3599 961 3654 ut
983 3611 1100 3673 ponere
1123 3595 1232 3672 posset

273 3723 323 3772 me
349 3713 380 3771 et
403 3705 548 3770 manibus
571 3713 669 3770 toturn
693 3707 809 3770 circum
833 3726 867 3770 se
889 3711 1013 3771 vertere
1036 3705 1180 3770 caeluni.

348 3841 421 3885 nam
445 3821 530 3902 quod
555 3821 653 3884 multa
676 3820 764 3884 fuere
788 3819 936 3884 interris
959 3819 1083 3884 semina
1104 3841 1210 3884 rerum

349 3942 492 4020 tempore
515 3957 577 4018 quo
602 3935 738 4019 primum
760 3935 855 4000 tellus
878 3934 1029 4000 animalia
1051 3931 1153 4010 ludit,

351 4240 401 4286 888
421 4238 510 4302 puerili
532 4237 544 4306 Η
566 4237 672 4288 florenta
693 4235 705 4302 ll
726 4238 776 4285 889
795 4235 883 4287 Oiticir
904 4236 917 4306 Η
937 4243 988 4289 899
1008 4237 1102 4303 rapidis
1123 4233 1135 4302 ΙΙ
1159 4237 1209 4284 896
1228 4235 1371 4298 proficiunr
1391 4235 1402 4302 ll
1420 4235 1452 4280 99

349 4323 467 4386 Denique
485 4325 626 4378 omissam.
647 4323 660 4392 ΙΙ
681 4325 731 4374 sol
746 4337 838 4374 uuam.
861 4323 873 4392 ll
895 4327 944 4377 909
965 4325 1029 4374 ieras
1050 4320 1062 4392 ll
1083 4323 1145 4374 flare
1164 4321 1177 4387 ll
1198 4323 1249 4372 913
1263 4321 1373 4376 bomine
1390 4323 1402 4371 l!
1420 4322 1455 4370 lll

350 4412 462 4481 postolare
