3052 5150
627 393 677 458 111
1155 393 1216 460 155

127 565 223 633 drotus
242 565 586 650 Ivbmr'cteseblongns
610 565 759 654 cotr'po'ab
781 567 947 632 umbram.
969 565 1045 631 olim
1067 565 1216 650 impressi

14 742 19 771 Ι
126 671 258 758 t'roe'foa·
279 693 453 756 numquam
475 669 756 736 stambrus.1tali
778 669 882 754 perite
904 672 971 736 Nec
993 691 1097 734 ururs
1120 689 1216 754 runs,

14 783 19 813 ¹·
126 781 182 838 tum
195 771 332 838 Fumida
347 792 610 837 sorrusnnss.
628 771 686 838 sed
703 774 846 838 ambram
859 773 1028 839 umbrasse
1044 771 1217 839 accusandi

126 895 192 943 casu
213 875 311 942 scribi
332 895 397 940 non
421 873 551 959 debuit3
573 873 750 940 ablativum
765 895 862 960 supra
876 873 1073 942 firmavimus
1089 875 1132 955 ad
1148 895 1217 941 rcr-

15 979 16 988 ‘
125 1001 184 1046 sum
197 980 259 1065 39,
275 971 426 1062 ideisque
449 983 499 1043 cst
520 977 554 1042 in
576 975 659 1042 libro
681 997 712 1061 v,
724 977 808 1043 482.

198 1081 271 1149 305.
300 1101 451 1144 eanrnrs
473 1117 515 1126 -
537 1100 643 1144 naurs
664 1101 824 1144 rnsrrxs
847 1101 1008 1146 vnrours
1032 1133 1039 1150 .
1062 1080 1217 1146 Marullus

125 1205 299 1251 riconis.
315 1181 520 1250 Wakefieldo
543 1201 614 1248 cum
636 1182 702 1248 suis
724 1183 844 1267 placuit
865 1187 993 1270 vaporis
1004 1209 1016 1268 ,-
1036 1183 1123 1268 quod
1146 1183 1218 1269 quis

123 1287 231 1373 credat,
252 1285 318 1352 nisi
340 1285 396 1370 qui
418 1305 475 1352 eos
497 1285 578 1351 nihil
601 1285 789 1368 intellegere
811 1285 1032 1354 intellexerit?

195 1391 267 1458 306.
302 1390 422 1455 Isrnn
450 1409 650 1460 ursssoun
680 1409 787 1451 s1rns
823 1409 965 1454 curvos
995 1409 1218 1461 ssnvosoun

122 1512 254 1557 cresus
267 1540 276 1558 .
288 1491 349 1558 Hic
370 1490 487 1557 iterum
509 1489 591 1556 illud
606 1489 782 1557 absurdum
797 1493 880 1558 inter
893 1507 1045 1580 atrosque
1059 1493 1218 1577 legimus,

14 1615 15 1648 ἴ
123 1593 199 1680 quod
220 1593 266 1660 ad
286 1591 397 1676 rr,548
419 1591 560 1659 vidimus
583 1593 785 1660 scribendum
807 1614 879 1662 csse
895 1597 1217 1667 Iursnurasoun.

122 1697 173 1763 boc
192 1715 270 1763 vero
293 1714 366 1762 cum
388 1696 573 1762 accusativo
596 1695 747 1780 coniungi
770 1717 835 1763 non
856 1717 954 1784 posse
976 1703 1131 1784 apparet:
1154 1717 1218 1782 qno

121 1797 151 1863 il
168 1805 203 1865 nt
222 1801 288 1865 cito
309 1811 355 1864 cot
376 1798 473 1865 scribi
489 1819 554 1864 non
569 1799 705 1886 debeat,
729 1799 816 1884 quod
832 1799 908 1865 fecit
922 1801 1105 1867 Brixiensis·
1115 1799 1219 1866 editor

122 1920 184 1968 cum
206 1901 346 1968 Marullo
374 1907 406 1968 et
427 1901 541 1968 ceteris
557 1949 564 1965 .
581 1909 630 1968 est
651 1907 760 1969 autem
782 1901 954 1986 legendum
976 1905 1198 1988 [eremoque
1209 1950 1218 1985 ,

13 2091 14 2100 ἵ
121 2025 224 2070 sucus
243 2027 351 2071 omos
361 2029 532 2092 saeuosque
543 2005 646 2071 lecum
658 2054 666 2072 .
678 2011 713 2070 ut
724 2005 890 2072 Lucretius
902 2007 1119 2092 interutrosque
1130 2029 1220 2071 seces

13 2119 14 2144 ¹
120 2107 221 2175 addito
240 2107 423 2174 acomauvo
439 2105 541 2191 dixit,
563 2107 608 2174 ita
624 2108 703 2176 Cato
719 2109 876 2194 utrimque
894 2131 1003 2191 secas,
1026 2107 1089 2174 nisi
1105 2106 1218 2190 fallor,

13 2259 14 2290 1
119 2210 156 2278 dc
175 2231 209 2278 rc
232 2210 357 2276 mistica
379 2229 449 2295 cup.
465 2210 517 2295 21,
533 2209 554 2276 3
569 2211 697 2277 Destrui
711 2211 845 2277 stauos
856 2211 1048 2298 foramina,
1064 2212 1222 2296 utrimque

119 2339 198 2381 smus
209 2315 352 2381 iamim
362 2364 371 2397 ,
387 2314 583 2380 sublomc'aas
594 2313 738 2401 pollutas
747 2315 886 2379 minutas
897 2314 1063 2400 supposito
1074 2361 1081 2377 .
1093 2331 1154 2378 nec
1165 2311 1221 2378 du·

120 2415 198 2484 bium
219 2422 273 2484 est
293 2415 372 2500 quin
394 2441 483 2482 secas
503 2417 702 2502 praepositio
725 2435 796 2483 eam
819 2415 1086 2482 constructionem
1109 2414 1222 2481 admit·

119 2525 161 2586 tat
170 2543 179 2600 ;
197 2538 395 2605 quamquam
411 2517 576 2585 Charisius
591 2541 623 2605 p.
635 2519 676 2586 61
692 2519 730 2585 id
743 2519 828 2605 qaod
841 2519 954 2606 culpm
970 2531 1118 2604 usurpet,
1134 2541 1223 2583 secas

119 2623 202 2690 silom
216 2622 292 2690 sedi
298 2671 308 2706 ,
323 2623 380 2688 hcc
396 2635 440 2688 eat
454 2621 625 2688 secandam
639 2623 750 2705 illam,
767 2635 795 2687 et
809 2645 922 2686 uocum
936 2635 965 2687 et
978 2620 1142 2686 sordidam
1158 2645 1223 2687 esse

120 2725 211 2806 dicit,
236 2745 308 2792 cum
331 2731 439 2792 tamen
458 2724 528 2810 ipse
543 2745 574 2809 p.
590 2724 650 2791 195
666 2724 889 2810 Sempronium
905 2723 1122 2803 Asellionem,
1145 2729 1222 2790 tcm-

119 2829 201 2916 pcris
217 2826 402 2897 Gracchani
425 2826 631 2912 scriptorem,
652 2826 858 2894 historiarum
878 2826 962 2891 libro
977 2847 1033 2890 xlv
1055 2827 1111 2892 boo
1133 2847 1223 2892 secus

121 2931 151 2997 in
165 2931 320 3018 temporis
334 2929 572 3014 significatione
587 2931 733 3015 posuisse
748 2935 881 2997 testetur
896 2977 904 2994 .
927 2928 1054 2994 ethaeo
1069 2934 1101 2994 et
1116 2933 1223 2996 cetera

9 3103 10 3122 ,
121 3033 158 3100 ds
175 3059 265 3102 oecos
287 3032 528 3120 praepositione
550 3032 712 3100 Gesnerns
736 3033 769 3098 in
791 3031 976 3098 thesaurum
999 3051 1091 3098 suum
1115 3033 1223 3094 contu-

119 3137 173 3204 lit.
193 3139 404 3205 oircrancecas
418 3133 642 3220 lexicographi
664 3135 912 3219 consignarunt,
933 3133 1147 3218 neglexerunt
1169 3156 1224 3196 on·

8 3275 10 3326 5
120 3243 248 3326 triaco,
272 3239 468 3324 hecthecas,
494 3255 580 3321 quae
606 3243 679 3303 sunt
707 3238 741 3304 in
769 3237 938 3322 glossariis
959 3235 1123 3318 Labbaci,
1147 3234 1223 3300 item

8 3343 10 3432 j
116 3359 272 3432 porum
283 3393 292 3426 ,
315 3339 404 3425 quod
426 3339 505 3405 nihil
528 3339 658 3405 omnino
681 3359 754 3408 esse
775 3341 854 3407 dicit
875 3340 980 3426 Caper
1001 3361 1033 3425 p.
1046 3337 1151 3404 2243.
1278 3341 1289 3361 ⁶

200 3447 275 3515 308.
292 3464 414 3508 TAMEN
425 3463 511 3506 ILLA
523 3463 728 3514 samuelus
740 3445 903 3510 NATURA
915 3461 1104 3513 cutuscuu
1115 3459 1224 3504 surm

8 3619 9 3628 ,
120 3569 299 3615 resnou
320 3567 436 3610 sarus
450 3593 457 3612 .
470 3545 559 3612 Bene
574 3545 751 3631 Marullus,
768 3546 917 3633 quamvis
935 3541 1155 3611 Wakefieldus
1170 3561 1224 3608 ne·

8 3657 9 3670 ¹
120 3661 191 3738 gul,
213 3654 421 3732 Nurum,
445 3654 481 3715 ut
506 3649 606 3735 paulu
631 3655 704 3734 post
718 3649 783 3717 320
810 3649 914 3736 Usque
935 3647 1014 3714 adeo
1035 3659 1223 3712 naturarum

120 3757 250 3843 coaptis
271 3755 379 3842 linqui
397 3753 539 3818 Parvola
554 3801 561 3818 .
577 3752 636 3819 sed
662 3751 747 3818 idem
773 3751 930 3818 Marullus
960 3749 1070 3816 nescio
1101 3767 1167 3832 qua
1188 3765 1224 3813 re

120 3857 271 3945 deceptus
300 3855 431 3941 scripsit
457 3855 605 3946 apamea:
627 3857 732 3921 auehi
754 3861 840 3920 recte
862 3859 996 3938 uterque
1019 3851 1142 3935 codex,
1165 3847 1224 3916 sed

120 3959 295 4046 quadratus
317 3964 479 4044 postremo
500 3959 518 4023 ί
535 3975 576 4023 ox
598 3981 614 4022 e
636 3957 722 4022 lacto
743 3956 850 4047 prima
871 3974 988 4021 manu.

201 4063 277 4130 317.
300 4082 374 4126 ror
387 4082 408 4124 s
419 4079 534 4124 curus
549 4079 650 4131 ouon
666 4080 757 4124 susc
773 4106 781 4122 .
798 4059 966 4126 (lorrcctor
981 4056 1113 4140 oblongi
1128 4055 1224 4121 nimis

121 4165 243 4234 curiose
265 4169 610 4252 persecutorque
638 4160 742 4228 codex
771 4161 803 4226 in
825 4179 922 4227 uersu
946 4159 1029 4226 1090
1051 4159 1136 4245 quod
1156 4160 1224 4242 vob,

121 4267 295 4352 quadratus
310 4266 344 4332 in
357 4287 401 4351 vr,
414 4266 477 4333 703
492 4265 644 4353 aliquod.
657 4283 698 4330 nc
710 4264 847 4350 septimo
862 4262 992 4348 quidem
1008 4262 1049 4328 ab
1063 4261 1141 4327 urbe
1153 4281 1226 4326 con·

122 4369 188 4438 dits
197 4369 329 4438 saeculo
342 4374 463 4436 certum
474 4368 638 4435 scribendi
650 4367 823 4434 discrimen
835 4367 915 4433 luit.
928 4361 965 4431 iu
973 4366 1047 4448 lege
1058 4362 1225 4428 Thoristti

122 4473 210 4552 Quod
228 4473 362 4559 queisque
381 4470 518 4560 pecudea
532 4473 567 4537 ia
582 4470 692 4536 culleis
706 4472 812 4536 cicccc
827 4470 973 4556 publicas
987 4467 1112 4533 c'tt'oert's
1126 4487 1225 4529 causa

123 4574 284 4642 iodaoem't
299 4621 307 4639 .
323 4575 378 4642 rix
393 4571 547 4641 credibile
569 4579 618 4640 cst
639 4571 700 4640 hoc
720 4571 774 4639 vel
797 4569 999 4640 doctissimos
1022 4563 1176 4634 fefellisse
1190 4563 1226 4630 in
