3096 5142
659 370 714 446 ,IV
1177 367 1241 436 259

143 539 204 604 reri
225 538 331 606 donuit
346 588 355 622 ‚
370 539 448 606 inde
462 539 525 604 722
546 537 590 604 ad
612 545 717 604 motus
739 539 839 605 animi
861 537 1071 624 explioaudos
1091 539 1241 606 transiit.

144 640 187 712 his
201 641 261 708 826
283 641 439 708 absolutis
454 659 547 706 nomo
563 639 708 726 profesto
723 641 892 708 miraretur
907 691 915 727 ,
931 641 958 706 si
974 641 1081 706 statim
1097 660 1137 706 ea
1156 659 1241 726 quae

143 743 180 811 ab
203 744 310 810 animo
324 744 457 812 initium
480 762 597 829 sapere
619 744 736 828 donet,
757 761 903 826 gressum
919 791 928 828 ‚
947 761 1117 826 somnum,
1138 743 1240 808 Vens

142 865 221 930 rom,
237 846 420 916 subinstet.
440 865 525 912 nuno
546 865 624 912 rouo
645 851 721 912 ante
744 865 837 928 quarn
861 846 904 914 ad
926 845 1006 914 hano
1027 846 1088 912 877
1110 845 1243 914 amede

142 955 205 1032 tur',
220 949 286 1015 alia
301 969 342 1016 ex
357 949 488 1018 divorso
504 967 623 1032 genere
638 949 805 1016 interieota
819 953 912 1026 sunt,
928 967 1013 1031 quae
1027 969 1092 1014 non
1112 947 1155 1014 ad
1174 949 1242 1013 ani·

142 1069 221 1120 uum
242 1051 300 1122 sed
323 1052 503 1119 adsensus
526 1058 559 1117 st
585 1050 628 1116 nd
655 1070 770 1136 corpus
798 1051 981 1144 pertineat:
1004 1071 1079 1118 nam
1104 1051 1243 1136 primum

142 1153 310 1220 stt-857
339 1173 454 1220 sensus
480 1173 644 1224 nonense
673 1153 821 1220 utilitatis
851 1169 951 1218 nausa
976 1161 1101 1221 creatos
1127 1154 1242 1240 doust,

141 1255 253 1326 deindo
267 1256 438 1326 858ε-876
458 1257 640 1325 animantes
661 1255 736 1322 ideo
758 1262 875 1340 sponte
897 1254 1001 1322 eibum
1024 1275 1179 1340 quaerere
1193 1277 1243 1324 os·

142 1359 254 1445 tondit,
270 1358 359 1444 quod
381 1376 496 1444 eorpus
518 1360 624 1430 multis
646 1359 793 1444 partibus
815 1357 1020 1426 effluentibus
1043 1359 1243 1428 debilitatum

141 1463 219 1528 vires
241 1462 385 1547 resipere
400 1461 540 1528 debeat.
556 1461 670 1550 horum
691 1463 802 1544 priora
824 1481 921 1545 quam
943 1462 1062 1528 similia
1084 1463 1156 1528 aliis
1179 1465 1244 1531 siut

141 1576 205 1632 oum
227 1570 379 1637 ooutoatu
401 1566 552 1632 carminis
575 1565 767 1656 sonantius
789 1565 991 1649 nominantis,
1012 1565 1055 1632 ad
1078 1565 1193 1632 librum
1209 1587 1242 1651 τι,

143 1668 198 1735 165
211 1667 413 1752 significavi:
429 1668 566 1732 alterum
585 1673 701 1752 poetae
716 1673 783 1731 tum
800 1666 830 1734 in
846 1673 984 1734 mentem
1000 1668 1129 1734 vonisse
1143 1671 1244 1734 mani·

141 1771 250 1840 tostum
273 1777 327 1838 est:
343 1785 359 1855 ,⁸
374 1785 508 1862 numos
528 1771 713 1855 scripsisset
734 1769 849 1852 quibus
875 1769 1036 1854 quomodo
1065 1772 1155 1838 oibus
1177 1772 1244 1836 aui·

141 1893 220 1939 mam
246 1873 400 1940 adtineret
427 1873 581 1957 exposuit
601 1872 802 1940 tibia-961.
825 1877 961 1956 utraque
987 1874 1029 1940 ab
1052 1879 1244 1956 argumento

140 1975 207 2042 libri
222 1975 453 2060 quartiatieoa
467 1995 533 2040 nou
550 1984 643 2059 suut,
660 1973 718 2040 sed
740 1993 801 2040 noo
821 1993 881 2040 suo
903 1976 975 2042 looo
997 1976 1123 2061 posita,
1140 1995 1245 2060 neque

141 2079 319 2164 itosoripta
331 2084 367 2146 ut
385 2078 442 2148 ulli
465 2077 617 2146 terminis
639 2079 724 2164 parti
745 2085 831 2146 reete
851 2077 949 2144 inseri
972 2079 1099 2163 possint
1114 2127 1121 2142 .
1138 2080 1245 2162 itaque

141 2179 215 2248 laen
240 2200 370 2266 quoque
395 2180 460 2250 alio
487 2185 629 2266 tompore
655 2181 832 2266 oomposita
857 2185 959 2264 suut,
984 2201 1055 2248 oum
1082 2187 1180 2267 posta
1205 2201 1246 2249 eo

140 2303 219 2367 quae
241 2287 309 2350 iam
330 2283 509 2374 perscripta
530 2290 638 2350 esseut
658 2289 731 2350 nou·
745 2283 878 2350 haberet
899 2284 932 2350 iu
954 2285 1122 2352 manibus.

220 2387 296 2454 825.
329 2386 564 2478 Paossrosss
593 2409 639 2451 ur
667 2408 880 2466 Possumus,
906 2407 949 2450 nr
979 2409 1024 2450 nr
1052 2409 1245 2452 raornaau

141 2511 202 2556 urs
228 2493 431 2557 Paocnaos
461 2511 625 2556 russos.
652 2491 754 2556 Immo
780 2490 902 2556 lumina
930 2491 1090 2557 ooamram
1116 2506 1245 2576 ereata,

9 2659 10 2685 ἦ
140 2595 325 2682 Prorpieere
346 2607 381 2658 at
401 2611 611 2659 rossnaus:
631 2591 676 2656 ita
697 2593 781 2658 enim
804 2611 932 2678 semper
954 2594 1191 2677 Lucretius,·ut
1212 2595 1247 2660 in

139 2697 294 2783 proximis
315 2697 477 2764 Bracchia
499 2707 563 2760 tum
585 2718 682 2781 porro
704 2694 823 2760 valida
849 2719 889 2760 em
916 2708 992 2782 apta
1018 2697 1145 2770 lacertis
1166 2697 1246 2764 Essa

139 2823 312 2886 manusque
338 2797 454 2878 datas,
482 2798 522 2862 Ur
537 2797 653 2884 faeere
678 2797 724 2862 od
749 2799 846 2863 uitam
868 2821 1030 2883 possemus
1056 2822 1137 2883 quas
1155 2799 1248 2882 foret

141 2927 239 2986 usas,
262 2901 317 2966 ubi
340 2900 493 2965 Marullus
515 2899 644 2964 soloene
666 2900 851 2985 pessimas5
873 2905 905 2964 et
925 2899 987 2964 Nil
1006 2899 1076 2966 ideo
1098 2903 1248 2985 qaoar'mn

140 3017 278 3072 natumst
302 3005 338 3068 s'a
364 3018 516 3088 corporo,
540 3013 573 3066 at
597 3001 648 3066 ati
672 3002 863 3068 Possemas.
885 3000 945 3067 sed
973 3001 1006 3065 in
1032 3001 1093 3066 hoo
1119 3001 1247 3085 dequo

141 3109 245 3190 agitur
258 3125 354 3172 versu
369 3112 404 3169 ut
424 3105 535 3189 priora
555 3103 761 3188 praeteritum
776 3109 901 3188 tempus
918 3153 925 3187 ,
942 3105 987 3172 ita
1001 3123 1085 3186 quae
1099 3111 1248 3170 secuntur

140 3227 294 3293 praeseus
310 3209 471 3296 possimus
486 3208 639 3290 exigunt,
656 3220 684 3272 et
702 3220 736 3271 ut
755 3206 905 3293 proferro
920 3209 990 3274 viai
1001 3207 1155 3273 Precor-oa
1173 3231 1248 3294 pas-

141 3335 216 3394 sas,
242 3308 313 3378 ideo
328 3310 472 3397 fostriyr'o
488 3333 583 3397 posse
605 3309 762 3376 Sororum
784 3333 822 3374 oo
833 3310 995 3395 feminam
1014 3307 1149 3396 podibus
1164 3309 1248 3395 jim-

142 3412 218 3478 date
245 3412 368 3499 plicari
375 3461 392 3476 ..
416 3432 494 3496 ergo
521 3412 571 3476 his
600 3411 764 3496 proprium
787 3411 921 3478 verbum
942 3411 1180 3478 attribuendum
1202 3417 1251 3477 est

143 3514 201 3582 hoo
222 3514 344 3597 modu,
364 3528 392 3580 et
413 3528 448 3580 at
464 3515 612 3602 prfferre
635 3535 807 3586 ounnmos
827 3516 979 3581 Proosros
998 3539 1115 3600 passus
1126 3540 1138 3599 ,·
1152 3515 1250 3599 idque

143 3637 180 3682 eo
203 3618 309 3700 magis
331 3617 418 3700 quod
440 3619 571 3705 proceri
584 3641 703 3702 passas
724 3619 794 3684 vioe
816 3617 897 3682 nulli
919 3625 1017 3701 sunt,
1040 3635 1144 3699 neque
1165 3617 1250 3682 ullus

143 3719 351 3805 interpretum
367 3719 529 3804 explioare
545 3737 642 3784 ausus
658 3725 707 3785 est
723 3767 730 3803 ,
747 3722 874 3804 praeter
890 3721 1001 3803 Pium,
1017 3720 1072 3803 qui
1088 3719 1165 3786 dioit
1179 3715 1252 3784 esso

142 3845 275 3910 muyans
293 3821 417 3909 quadus
440 3837 468 3887 st
489 3824 600 3908 spacia
621 3823 714 3886 uiae.
737 3839 834 3886 versu
850 3822 911 3886 877
934 3823 1028 3888 Nune
1052 3823 1111 3908 qui
1119 3821 1185 3907 fiat
1205 3821 1256 3886 att'

140 3947 259 4011 possus
276 3925 425 4012 proferre
447 3949 618 4012 queamus.

230 4027 302 4094 830.
334 4047 456 4092 nsrss
486 4047 663 4099 ursanus
693 4047 812 4090 seara
841 4047 1069 4092 nrarsrass.
1097 4027 1254 4094 Marullus

144 4154 166 4194 α
176 4143 290 4216 parto.
309 4130 418 4195 verius
433 4138 482 4196 est
496 4145 629 4217 utraque
643 4151 691 4192 nx
706 4143 819 4216 porte,
834 4136 870 4194 ut
884 4129 917 4194 in
931 4151 961 4214 v,
973 4130 1036 4196 511
1052 4131 1106 4196 Em
1120 4144 1255 4217 utroquo

142 4233 251 4316 polum
263 4234 506 4319 portipremaro
521 4243 618 4298 o'o'ra.
635 4257 674 4298 es
686 4243 798 4316 parte,
815 4251 879 4298 non
895 4257 930 4314 o,
946 4238 981 4297 ut
996 4231 1063 4298 dixi
1079 4231 1122 4296 ad
1137 4233 1254 4298 librum
1375 4227 1380 4235 “

145 4331 241 4415 1,843
258 4383 266 4400 .
289 4353 393 4419 neque
410 4336 541 4420 saepius
556 4355 652 4419 quam
667 4342 739 4417 tor,
763 4333 825 4399 nisi
843 4333 962 4418 fallor,
986 4335 1038 4400 hio
1059 4339 1157 4420 potita
1174 4333 1257 4398 dixit

146 4459 168 4500 o
178 4450 291 4522 porto,
307 4437 340 4502 in
354 4459 397 4522 ru,
408 4437 472 4502 428
487 4439 600 4526 Loayo
615 4451 717 4504 tamea
729 4449 821 4524 parto
832 4437 871 4502 ob
882 4461 1003 4502 samona
1014 4462 1084 4502 oum
1095 4450 1160 4502 tota
1171 4434 1255 4500 ut‘de·

147 4549 222 4622 aar,
239 4547 271 4604 et
289 4539 322 4604 in
337 4561 367 4624 v,
380 4540 442 4606 685
457 4541 500 4605 Et
519 4541 604 4626 quod
622 4541 661 4606 ab
676 4541 830 4606 alterutra
845 4539 984 4606 detraxit
997 4553 1092 4626 porte
1107 4588 1116 4620 ,
1132 4539 1208 4603 itam
1223 4537 1257 4604 in

992 4641 1056 4706 17*
