3052 5144
340 603 474 684 ipsaque
498 599 627 666 deducit
648 600 714 664 dux
736 601 821 666 vitae
844 601 898 668 dia
920 601 1072 684 voluptas

341 725 374 782 et
395 735 448 780 res
470 732 526 798 per
550 711 682 778 Veneris
705 714 866 778 blanditur
888 717 998 782 saecla
1020 720 1221 800 propagent,

340 851 380 895 ne
402 849 504 914 genus
528 827 655 892 occidat
677 827 868 894 humanum.
885 850 1019 912 quorum
1042 827 1150 894 omnia
1172 849 1273 896 eausa

267 967 315 1013 rm
341 943 543 1010 eonstituis'se
567 942 645 1008 deos
668 963 738 1007 eum
762 943 906 1026 fingunt,
923 941 1060 1008 omuibu’
1084 943 1180 1009 rebus

341 1079 459 1143 magno
483 1077 581 1140 opere
601 1078 622 1122 a
642 1077 718 1122 vera
741 1055 823 1138 lapsi
845 1059 968 1124 ratione
991 1057 1158 1122 videntur.
1223 1087 1227 1096 ·

341 1193 415 1240 uam
439 1173 584 1254 quamvis
606 1191 707 1236 rerum
732 1173 877 1254 ignorem
900 1172 1076 1256 primordia
1097 1193 1181 1256 quae
1203 1174 1287 1250 siut,

340 1288 402 1354 hoe
423 1293 532 1351 tamen
558 1305 598 1352 ex
619 1287 698 1370 ipsis
720 1287 802 1352 eaeli
826 1288 1003 1352 rationibus
1028 1287 1130 1352 ausim

342 1403 529 1468 confirmare
552 1401 690 1484 aliisque
713 1422 763 1468 ex.
776 1403 870 1468 rebus
893 1402 1027 1468 reddere
1049 1402 1176 1486 multis,

269 1541 316 1586 rm
341 1537 545 1600 nequaquam
569 1517 662 1586 uobis
685 1517 836 1583 divinitus
859 1538 931 1584 esse
954 1523 1095 1584 creatam

250 1619 254 1628 ’
340 1639 486 1697 naturam
510 1630 641 1696 mundi:
658 1639 747 1696 tauta
769 1639 832 1697 stat
854 1633 1001 1717 praedita
1023 1632 1138 1715 eulpa.

342 1765 423 1828 quae
446 1746 502 1810 tibi
525 1746 701 1828 posterius,
718 1746 865 1824 Memmi,
881 1746 1036 1814 faeiemus
1059 1753 1191 1829 aperta:

340 1880 425 1924 nune
447 1859 479 1924 id
503 1860 588 1941 quod
612 1869 778 1943 superest
800 1861 840 1926 de
863 1861 1000 1926 mutibus
1017 1860 1251 1947 expediemus]

322 1983 325 1989 '
385 1975 477 2038 Nune
499 1975 588 2039 locus
612 1980 680 2057 est,
697 1981 731 2038 ut
753 1975 885 2059 opinus,
903 1975 938 2040 iu
960 1976 1008 2040 bis
1031 1973 1110 2038 illud
1134 1993 1262 2056 quoque
1285 1976 1379 2042 rebus

270 2110 317 2154 rau
341 2088 530 2153 confirmare
552 2089 628 2171 tibi,
645 2089 765 2154 nullam
790 2110 855 2153 rem
878 2109 973 2172 posse
996 2109 1055 2153 sua
1076 2089 1108 2154 vi

343 2222 527 2286 corpoream
551 2223 675 2268 sursum
698 2203 774 2268 lerri
797 2224 984 2286 sursumque
1005 2223 1131 2282 meare;

309 2381 315 2396 ,
341 2337 382 2382 ne
404 2315 460 2379 tibi
483 2315 560 2383 dent
584 2319 616 2382 in
639 2339 678 2382 e0
701 2318 901 2388 flammarum
924 2337 1059 2402 eorpora
1081 2317 1246 2384 fraudent.

341 2450 451 2496 sursus
474 2433 555 2496 enim
579 2411 885 2513 versus'gignumm
907 2439 939 2498 et
960 2431 1112 2516 augmina
1135 2439 1262 2498 sumunt

342 2553 373 2610 et
396 2565 521 2610 sursum
543 2546 665 2612 nitidae
688 2547 796 2630 fruges
819 2547 1012 2628 arbustaque
1035 2553 1198 2626 creseunt,
1225 2526 1227 2530 ¹

270 2679 318 2724 rue
342 2659 505 2744 pondera,
523 2667 673 2742 quantum
696 2661 729 2726 iu
752 2681 787 2726 se
810 2669 877 2738 est,
895 2682 966 2726 eum
987 2663 1136 2726 deorsum
1160 2668 1274 2727 euueta
1296 2662 1439 2728 terantur

343 2795 401 2839 nee
423 2795 496 2839 euru
518 2775 685 2840 subsiliunt
707 2776 800 2858 ignes
822 2776 865 2840 ad
888 2782 970 2842 testa
995 2775 1160 2842 domorum

343 2896 375 2954 et
397 2891 493 2956 celeri
516 2889 644 2955 llauuua
664 2890 836 2974 degustant
857 2890 946 2973 tigna
971 2891 1159 2974 trabesque,

344 3013 458 3088 sponte
480 3024 538 3069 sua
560 3004 667 3070 fauere
690 3007 723 3070 id
747 3005 815 3070 sine
838 3004 868 3068 vi
892 3005 1058 3084 subigente
1081 3003 1254 3088 putandum
1277 3012 1343 3070 est.

343 3118 428 3198 quod
451 3137 552 3200 genus
575 3127 642 3194 est,
660 3125 768 3184 nostre
792 3139 860 3182 eum
885 3119 1000 3184 missus
1023 3139 1154 3202 uomere
1177 3117 1310 3199 sanguis

271 3251 318 3296 195
345 3231 460 3296 emieat
482 3233 626 3297 exultans
649 3234 711 3297 alte
735 3233 917 3316 spargitque
940 3252 1104 3298 eruerem.

345 3366 450 3410 nenne
474 3347 563 3410 vides
586 3347 681 3410 etiarn
704 3353 822 3428 quauta
845 3347 875 3410 vi
897 3349 988 3430 tigna
1010 3348 1181 3428 trabesque

343 3465 475 3543 respuat
496 3481 586 3524 umor
608 3463 741 3542 aquae?
763 3482 838 3526 nam
861 3483 924 3544 quo
947 3462 1050 3544 magis
1073 3461 1211 3527 ursimus
1232 3461 1298 3526 alte

345 3574 470 3640 deiecta
492 3579 523 3639 et
546 3594 666 3656 magna
687 3576 718 3640 vi
740 3576 830 3640 multi
852 3576 1027 3660 pressimus
1049 3595 1166 3658 aegre,

343 3695 407 3752 tam
431 3688 546 3772 cupide
568 3709 692 3755 sursum
716 3691 852 3756 removit
872 3690 973 3774 magis
995 3695 1092 3770 atque
1115 3689 1262 3773 remittit,
1311 3737 1317 3746 .

270 3823 320 3868 seu
344 3803 416 3886 plus
438 3811 472 3868 ut
494 3810 585 3888 parte
608 3803 695 3870 suras
718 3810 881 3885 emergant
902 3803 1117 3884 exiliuntque.

344 3937 404 3982 nee
426 3925 536 3983 tamen
559 3915 827 4000 haeu,quantun1
851 3919 953 3982 estin
976 3936 1033 4000 se,
1057 3915 1259 4002 dubitamus,
1284 3918 1415 4003 opinor,

345 4031 421 4112 quin
443 4051 577 4097 vanuum
600 4052 658 4116 per
680 4033 775 4097 inane
797 4031 945 4098 deorsum
968 4039 1082 4098 euneta
1103 4030 1264 4097 leuantur.

350 4297 395 4342 181
419 4313 571 4360 quamquam
590 4297 688 4362 predita
707 4293 721 4364 ΙΙ
743 4301 792 4346 184
811 4311 911 4360 (pureque
930 4297 992 4346 illud
1016 4295 1030 4364 ll
1057 4300 1104 4348 192
1124 4297 1198 4362 sigua
1217 4295 1231 4366 Η
1253 4300 1301 4348 199
1320 4297 1429 4346 subiecta
1450 4291 1463 4358 ΙΙ

352 4385 400 4432 194
420 4399 433 4432 e
453 4381 467 4454 ΙΙ
490 4387 537 4432 197
558 4385 627 4434 altu.
648 4381 662 4452 ΙΙ
685 4387 732 4434 198
751 4385 860 4436 Dereeta
879 4381 893 4452 Η
917 4387 963 4434 lue
983 4397 1093 4434 removet
1113 4385 1127 4454 Η
1148 4389 1198 4434 200
1218 4387 1386 4450 exiliuntque.
