3052 5144
644 431 659 494 l

88 608 261 684 uveseunt,
287 601 398 668 eadem
421 603 595 686 dispansae
617 601 648 664 in
673 600 743 666 sole
764 607 945 666 senescunt.

87 724 118 780 at
140 735 245 799 neque
270 737 333 798 quo
354 722 450 801 pacto
474 715 653 800 persederit
676 715 766 780 umor
788 717 884 796 aquai

87 831 236 912 visumst,
263 851 324 896 nec
347 852 468 896 rursum
491 851 554 913 quo
577 837 671 914 paeto
696 830 813 910 fugerit
835 836 948 896 aestu.

86 945 117 1008 in
141 965 260 1028 parvas
284 946 380 1028 igitur
402 947 502 1030 prutis
526 945 718 1029 dispergitur
745 965 854 1026 umor,

22 1083 66 1125 :uu
87 1081 166 1142 quas
189 1060 274 1124 oculi
299 1060 386 1123 nulla
411 1065 543 1144 possunt
567 1060 688 1124 ratione
712 1059 841 1124 ridere.

86 1175 158 1255 quin
182 1169 281 1239 eliam
305 1174 411 1238 rrurltls
434 1175 511 1238 solis
533 1173 739 1238 redeuntibus
762 1173 854 1237 anuis

86 1290 197 1352 anrrlus
220 1288 254 1350 ln
280 1286 380 1384 digito
403 1288 511 1352 subter
531 1293 679 1352 tenuatur
702 1286 870 1360 habendo,

84 1402 211 1467 stilicidi
236 1423 334 1468 casus
356 1401 498 1486 lapidem
522 1409 631 1477 cavat,
656 1422 754 1466 uncus
777 1403 874 1466 aratri

83 1517 203 1581 ferreus
227 1517 355 1582 occulte
378 1516 534 1582 decrescit
554 1535 665 1580 vomer
691 1516 723 1579 iu
747 1517 852 1592 arvis,

23 1653 65 1696 :us
86 1637 249 1713 strataque
273 1631 339 1696 iam
361 1631 446 1714 volgi
469 1631 603 1714 pedibus
625 1630 739 1695 detrita
763 1631 883 1696 viarruu

84 1764 183 1810 saxea
206 1746 444 1829 conspicimus:
469 1753 552 1820 tum,
575 1751 686 1828 portas
708 1751 856 1828 propter,
881 1752 962 1808 aliua

84 1860 176 1940 signa
198 1881 315 1924 manus
339 1859 468 1924 dextras
491 1859 660 1924 ostendunt
686 1859 854 1923 adtenuari

85 1993 180 2058 saepe
203 1975 401 2038 salutantum
425 1979 511 2038 tactu
533 1980 723 2057 praeterque
745 1979 929 2038 meantum.

85 2088 160 2152 haee
182 2089 283 2169 igitur
305 2087 423 2172 nrimri,
447 2109 517 2152 eum
540 2087 603 2152 sint
626 2087 760 2170 demite,
784 2087 948 2152 videmus:

25 2221 67 2265 uro
87 2203 142 2266 scd
164 2221 247 2285 quae
271 2223 409 2287 corpora
431 2203 588 2268 decedant
609 2203 643 2266 in
665 2208 808 2286 tempore
832 2221 977 2284 quoquc,

70 2317 189 2382 invida
211 2317 388 2402 praeclusit
409 2318 548 2401 spatium
571 2322 686 2381 natura
708 2316 857 2381 videndi.

87 2437 245 2512 postremo
271 2451 355 2514 quae
378 2450 512 2512 cumque
536 2431 604 2495 dies
627 2436 802 2511 naturaque
824 2432 918 2496 rebus

87 2547 235 2626 paulatim
259 2547 388 2628 tribuit,
412 2546 600 2610 moderatim
623 2565 764 2610 erescere
788 2565 926 2630 cogens,

87 2660 168 2724 nulla
189 2667 300 2745 potest
322 2662 483 2726 oculorum
506 2661 591 2725 acies
615 2661 882 2735 contentarum,

28 2788 68 2834 :us
89 2793 143 2838 uec
163 2797 261 2859 porro
286 2795 367 2856 quae
391 2795 527 2856 cumque
550 2795 629 2839 aevo
653 2775 819 2856 macieque
842 2779 1029 2839 senescunt:

90 2907 164 2970 nee,
188 2907 280 2954 mare
303 2910 387 2972 quae
409 2889 607 2974 inpendent,
631 2909 725 2954 vesco
748 2889 816 2972 sele
839 2909 919 2953 saxa
942 2909 1056 2972 peresa

87 3001 159 3081 qrrid
182 3022 310 3084 quoque
333 3003 479 3068 amittant
501 3005 533 3067 iu
556 3011 699 3086 tempore
722 2984 851 3068 sternere
873 3005 998 3086 possis.

87 3119 270 3209 corporibus
295 3119 400 3183 caecis
423 3117 518 3199 igitur
542 3125 656 3182 natura
679 3118 760 3201 gerit
782 3137 855 3182 res.

129 3232 194 3296 Nee
216 3239 325 3297 tamen
348 3233 486 3314 undique
510 3252 667 3316 corporea
690 3234 808 3316 stipata
830 3239 976 3298 tenentur

31 3358 71 3402 cco
91 3345 192 3410 omnia
213 3353 348 3412 natura:
372 3367 510 3429 namque
533 3348 635 3412 estin
660 3350 756 3412 rebus
778 3348 894 3410 inane.

91 3459 171 3538 quod
193 3461 251 3526 tibi
275 3463 486 3544 cognossem
509 3462 616 3526 multis
639 3461 699 3527 crit
721 3461 795 3525 utile
819 3462 934 3534 rebus,

93 3592 147 3637 nee
167 3575 249 3641 sinet
273 3583 429 3642 errantem
454 3576 598 3642 dubitare
621 3583 653 3640 et
675 3594 827 3656 quaerere
849 3595 976 3658 semper

92 3686 129 3752 de
149 3710 272 3756 summa
295 3709 397 3755 rerum
422 3699 451 3756 et
473 3690 591 3756 nostris
614 3689 760 3756 diffidere
783 3689 896 3754 dietis.

34 3815 74 3862 aa,
94 3809 171 3894 quod
195 3805 221 3870 si
245 3825 309 3869 non
332 3811 435 3878 esset,
459 3805 546 3868 nulla
570 3805 694 3869 ratione
715 3805 835 3870 moveri

93 3935 139 3980 res
160 3927 309 4002 possent:
335 3939 471 4000 namque
494 3917 632 3983 cilicium
656 3918 740 3999 quod
763 3917 907 4002 eorporis
928 3923 1054 3995 exstat,

94 4029 214 4097 ollicere
237 4041 333 4114 atque
355 4033 507 4109 obstare,
532 4031 565 4096 id
587 4033 620 4096 in
643 4033 727 4096 omni
750 4039 892 4117 tempore
915 4031 1044 4096 adesset

96 4191 285 4207 *Q—

96 4296 136 4344 321
161 4303 298 4361 praeclusae
321 4299 431 4366 speciem
461 4297 475 4366 ΙΙ
505 4302 554 4350 334
578 4300 636 4362 Qua
660 4307 760 4362 propter
784 4299 854 4348 locus
878 4311 913 4348 est
937 4299 1045 4347 intactus
1069 4296 1144 4344 irruue
1166 4311 1207 4343 va-

97 4395 212 4446 esusque.
