3052 5150
310 353 374 422 non
839 330 889 422 ιιι

310 545 409 613 supra
429 532 565 610 uterque
590 528 725 614 Tityon.
746 526 896 610 quadrati
921 533 1082 594 narrentur
1107 535 1140 596 et
1164 529 1239 596 itali
1259 531 1308 597 lie
1326 549 1402 594 usn:

311 630 386 695 olim
409 629 556 715 impressi
579 630 629 716 lu'p
651 642 698 695 et.

394 732 467 799 994.
491 752 674 828 sensnuur
704 752 915 798 cunraurua
944 753 1062 798 cuna.
1086 733 1252 801 corrector
1283 733 1405 818 oblongi

309 833 495 922 turpedr'ue,
511 833 661 918 quadrati
675 854 883 918 curamus,
900 833 1009 918 itaque
1020 835 1142 920 primns
1155 823 1231 920 post
1241 855 1312 902 eum
1322 836 1406 902 Lam·

309 938 403 1002 binus
419 956 490 1002 uum
505 936 656 1002 Tumebo
676 937 709 1001 in
724 935 985 1004 adversariorum
999 957 1031 1020 x,
1043 938 1085 1004 8.
1100 937 1184 1004 libro
1206 959 1237 1022 v,
1248 939 1290 1005 45
1311 940 1407 1020 Quen·

308 1055 358 1106 tae
380 1054 444 1105 tum
458 1037 607 1105 scindunt
627 1039 781 1106 lominum
795 1038 983 1126 cuppedinis
1004 1063 1093 1106 aeres
1107 1039 1285 1108 Sollicitum
1299 1065 1406 1108 earne.

308 1143 459 1209 inversu
482 1141 630 1227 proximo
653 1165 775 1228 quoque
797 1141 915 1208 omittit
936 1141 1136 1225 quadratus.

264 1285 267 1292 ·
394 1244 466 1312 997.
490 1264 690 1316 rursusqua
712 1265 896 1310 uacuum.
913 1244 1082 1312 Curreutor
1101 1244 1252 1330 quadrati
1275 1245 1408 1313 etualeri

308 1367 553 1419 unrsnrssun.
570 1346 723 1413 Horatius
744 1371 827 1434 pono
849 1348 1011 1432 unicnique
1032 1346 1162 1413 recedo.

394 1453 468 1519 999.
490 1471 621 1514 nuaun
646 1469 821 1514 naaonnn
849 1469 1064 1515 surranum.
1086 1447 1176 1516 Idem
1204 1457 1360 1518 unirentur
1380 1457 1409 1517 et

309 1554 458 1639 impressi
482 1573 672 1617 suasanus
694 1573 890 1622 annonari.

395 1656 487 1723 1001.
511 1651 611 1726 nilon
627 1677 748 1720 annau
771 1675 897 1722 sunno
913 1675 978 1720 rau
1000 1677 1162 1721 vnaurcn
1176 1677 1302 1722 nnsurr
1322 1657 1407 1724 Von-

305 1780 438 1824 vrnun.
453 1757 607 1824 Marullus
634 1783 656 1824 a
682 1783 820 1842 sumre,
838 1759 997 1825 Avantius
1026 1781 1046 1822 a
1071 1783 1213 1826 musmo.
1231 1759 1264 1824 iu
1290 1781 1320 1843 v,
1334 1757 1408 1826 1125

305 1864 349 1930 Et
376 1875 478 1928 tamen
501 1885 517 1926 e
543 1883 684 1926 samum.
700 1860 734 1925 in
755 1881 798 1946 nv,
810 1862 852 1928 86
880 1886 920 1929 eu
947 1885 1086 1929 summo.
1101 1863 1134 1928 iu
1154 1885 1202 1948 ru,
1219 1862 1279 1930 197
1302 1861 1408 1948 Ooqere

304 1977 340 2030 ut
360 1965 400 2028 nb
421 1986 562 2028 eamme.

393 2065 484 2132 1005.
508 2064 617 2144 Quor>
632 2087 794 2134 sacruur
809 2087 918 2131 noers
932 2086 1114 2132 annosum
1127 2087 1323 2153 rannone,
1339 2087 1407 2132 crn-

305 2189 378 2233 cun
401 2167 480 2233 (lun
501 2187 695 2234 uppusun.
711 2169 836 2236 Nouius
849 2187 936 2253 quae
957 2175 1032 2236 aute
1048 2169 1128 2236 haee
1147 2170 1296 2256 proxime
1310 2168 1409 2256 posita

304 2277 380 2338 suut
405 2269 513 2336 attulit
534 2291 565 2356 p.
578 2270 682 2354 298,9
706 2277 738 2337 et
757 2271 831 2356 424,
844 2271 864 2336 6
878 2293 886 2336 :
901 2271 972 2356 hin,
988 2272 1045 2338 nbi
1076 2273 1267 2358 interpretes
1289 2277 1407 2354 meent,

304 2393 363 2438 nos
390 2392 455 2438 uon
482 2372 635 2439 adiuvat.
652 2391 774 2457 quaero
801 2374 886 2440 euim
913 2372 992 2456 quid
1014 2373 1095 2440 illud
1118 2375 1159 2440 sit
1186 2374 1275 2462 qnod
1284 2375 1408 2462 fauisse

303 2477 391 2542 nolti
413 2475 489 2542 anni
511 2481 677 2559 tempora:
695 2495 771 2562 nam
792 2483 878 2542 uerte
901 2476 978 2542 anni
1000 2495 1066 2544 nou
1089 2476 1233 2562 iaciunt,
1250 2477 1309 2544 sed
1330 2475 1408 2562 eupi-
1433 2511 1440 2520 ·

304 2577 390 2643 ditas
412 2583 542 2663 nostra,
558 2584 594 2644 nt
615 2580 741 2645 animus
763 2595 936 2662 numquam
956 2580 1124 2664 expleatur
1146 2586 1246 2664 atque
1261 2579 1406 2648 satietur.

302 2699 436 2766 passere
458 2680 589 2764 quidem
611 2682 689 2748 anni
704 2687 852 2766 tempora
873 2680 1035 2766 animum,
1051 2702 1115 2748 uon
1138 2701 1258 2768 eorpus
1274 2689 1406 2764 tantum,
1512 2757 1513 2766 ἵ

304 2782 432 2850 facilius
458 2784 631 2850 concedam
643 2833 653 2867 ,
668 2782 726 2850 sed
754 2801 818 2848 uon
844 2785 963 2848 areum
990 2783 1177 2851 redeuntis.-
1192 2805 1269 2852 num
1297 2787 1407 2852 nircum
1512 2803 1513 2834 ι

303 2885 408 2950 redire
423 2884 500 2968 quid
515 2887 558 2952 sit
572 2906 637 2952 non
649 2886 823 2970 intellego.
840 2885 963 2951 seilicet
974 2885 1061 2972 qnod
1073 2886 1256 2954 uoniunetio
1268 2895 1335 2972 est,
1350 2887 1405 2970 ita,

304 2987 534 3074 Quodfucs'unt
547 2991 636 3054 nobie
651 3013 805 3055 annorum
828 3001 968 3073 tempora
984 3007 1145 3073 vrorum,
1161 2987 1241 3056 cam
1263 2989 1389 3058 redeunt
1397 3036 1406 3069 ,

292 3090 568 3178 fetusqueferunt
590 3093 756 3178 varr'osque
779 3091 919 3178 lepores,
935 3093 1001 3158 Nee
1024 3105 1129 3158 tamen
1148 3093 1314 3178 replemur
1333 3090 1409 3157 situi

292 3193 459 3279 fructibus
481 3217 651 3279 umquam.
668 3199 807 3260 ueterum
823 3193 983 3277 oblongus
1000 3192 1053 3260 hie
1066 3192 1164 3260 habet
1179 3192 1221 3260 de
1244 3213 1333 3260 more
1346 3193 1406 3258 uita
1511 3225 1512 3285 p

220 3309 224 3318 ’
292 3295 478 3382 fresonibus,
495 3293 553 3361 sed
574 3293 752 3378 quadratus
766 3298 832 3362 nita
854 3298 1038 3363 miurinus.
1054 3295 1135 3362 haee
1149 3301 1257 3363 autem
1272 3315 1354 3380 quae
1367 3291 1405 3358 ad

303 3397 411 3463 Danai
425 3397 509 3464 filias
524 3399 685 3483 pertinent
699 3398 810 3462 omnia
827 3398 1039 3466 1003-1010
1052 3399 1184 3465 Servius
1198 3399 1233 3464 in
1249 3419 1282 3462 rr
1296 3399 1404 3464 Aenei-

303 3499 431 3567 dossas
443 3499 688 3586 praetermittit,
704 3499 757 3566 ubi
770 3500 1067 3566 eeteraeLunretio
1080 3501 1213 3586 exponit
1225 3500 1287 3568 hoe
1297 3499 1403 3566 modu.
1510 3523 1511 3528 ¹

302 3603 387 3670 Saue
409 3602 448 3668 de
463 3604 512 3668 lrr'e
527 3605 670 3668 omnibus
684 3603 777 3668 rebus
792 3603 872 3668 mire
891 3601 1163 3669 rediturarum
1177 3603 1404 3683 Lucretium

302 3705 465 3791 confirmat
478 3707 514 3772 iu
534 3719 643 3771 nostra
657 3706 724 3772 utta
745 3729 811 3771 esee
825 3707 932 3770 omnin
952 3705 1209 3792 quaefiupuutur
1223 3705 1263 3772 de
1277 3703 1402 3792 inserti·

302 3807 380 3872 dieii
394 3831 529 3894 namque
544 3808 662 3892 Tityon
684 3831 822 3875 amorem
845 3831 930 3892 esee,
946 3808 1002 3874 loe
1024 3820 1069 3874 eet
1091 3807 1272 3876 cuiusnam.
1290 3845 1325 3856 -
1342 3807 1403 3892 lym
1509 3835 1510 3900 ζ

303 3913 396 3976 etr'am
410 3911 578 3976 Lunreuirs
590 3910 668 3978 dr'eit
677 3935 738 3997 per
753 3933 823 3992 eos,
838 3910 1032 3996 qenins-iam
1044 3909 1109 3977 iam
1125 3927 1258 3976 casurus
1269 3907 1403 3976 imminet

303 4014 387 4099 lapis
399 4063 407 4095 ,
424 4013 656 4098 superstitrbnos
667 4013 848 4098 eipnn'yieuri
856 4061 864 4096 ,
876 4013 936 4098 qui
943 4013 1082 4078 inaniter
1093 4037 1215 4100 semper
1225 4019 1402 4078 vereniaret

301 4115 341 4182 de
352 4115 416 4180 diu
432 4127 459 4180 et
474 4115 559 4180 eaelo
571 4114 687 4180 0010010
701 4115 920 4201 superinsutas
934 4114 1016 4180 male
1031 4115 1218 4202 opinantur.
1237 4151 1272 4162 -
1287 4137 1345 4202 per
1355 4133 1401 4178 000
1508 4155 1509 4164 ι

302 4231 405 4286 auum
417 4218 476 4302 qni
484 4235 595 4282 saxum
609 4215 757 4301 volvunt,
770 4217 920 4282 ambitum
931 4217 997 4284 uult
1009 4230 1037 4284 et
1045 4218 1206 4304 repulsam
1216 4214 1390 4304 0090910οη
1391 4259 1400 4296 ,
1508 4247 1509 4300 ς

302 4323 380 4409 queis
405 4319 500 4385 sunni
526 4319 651 4404 repulsi
673 4321 825 4406 petitores
858 4320 977 4386 ambire
1005 4343 1069 4386 nou
1095 4318 1264 4386 (10010000.
1288 4314 1400 4384 scincet

303 4420 530 4508 grammaticus
554 4418 700 4487 ordinem
723 4428 754 4488 et
777 4420 878 4488 verba
892 4421 1024 4504 Vergilii
1047 4422 1211 4506 sequitur,
1227 4441 1247 4486 a
1264 4417 1400 4504 quella

302 4524 417 4593 naides
450 4543 515 4590 unu
549 4531 859 4590 commemorantur.
882 4522 940 4590 sed
967 4522 1053 4590 idem
1081 4523 1213 4590 Servius
1245 4539 1326 4606 qnae
1353 4515 1397 4582 his
