<?xml version="1.0" encoding="UTF-8"?>
<!DOCTYPE html PUBLIC "-//W3C//DTD XHTML 1.0 Transitional//EN"
    "http://www.w3.org/TR/xhtml1/DTD/xhtml1-transitional.dtd">
<html xmlns="http://www.w3.org/1999/xhtml" xml:lang="en" lang="en">
 <head>
  <title>
</title>
<meta http-equiv="Content-Type" content="text/html;charset=utf-8" />
  <meta name='ocr-system' content='tesseract 3.04.00' />
  <meta name='ocr-capabilities' content='ocr_page ocr_carea ocr_par ocr_line ocrx_word'/>
</head>
<body>
  <div class='ocr_page' id='page_1' title='image "./tlucreticarider24carugoog_0057.png"; bbox 0 0 3052 5144; ppageno 0'>
   <div class='ocr_carea' id='block_1_1' title="bbox 368 467 946 536">
    <p class='ocr_par' dir='ltr' id='par_1_1' title="bbox 368 467 946 536">
     <span class='ocr_line' id='line_1_1' title="bbox 368 467 946 536; baseline -0.003 0"><span class='ocrx_word' id='word_1_1' title='bbox 368 469 411 536; x_wconf 78' lang='lat'><strong>52</strong></span> <span class='ocrx_word' id='word_1_2' title='bbox 914 467 946 534; x_wconf 92' lang='lat' dir='ltr'><strong>Il</strong></span> 
     </span>
    </p>
   </div>
   <div class='ocr_carea' id='block_1_2' title="bbox 284 637 1293 4038">
    <p class='ocr_par' dir='ltr' id='par_1_2' title="bbox 284 637 1293 4038">
     <span class='ocr_line' id='line_1_2' title="bbox 365 637 1244 724; baseline 0.007 -22"><span class='ocrx_word' id='word_1_3' title='bbox 365 637 532 720; x_wconf 84' lang='lat' dir='ltr'><strong>sanguinis</strong></span> <span class='ocrx_word' id='word_1_4' title='bbox 554 639 707 723; x_wconf 80' lang='lat' dir='ltr'><strong>expirans</strong></span> <span class='ocrx_word' id='word_1_5' title='bbox 730 637 868 703; x_wconf 84' lang='lat' dir='ltr'><strong>calidum</strong></span> <span class='ocrx_word' id='word_1_6' title='bbox 892 639 933 705; x_wconf 91' lang='lat' dir='ltr'><strong>de</strong></span> <span class='ocrx_word' id='word_1_7' title='bbox 955 645 1085 724; x_wconf 76' lang='lat' dir='ltr'><strong>pectore</strong></span> <span class='ocrx_word' id='word_1_8' title='bbox 1106 641 1244 708; x_wconf 84' lang='lat' dir='ltr'><strong>flumen:</strong></span> 
     </span>
     <span class='ocr_line' id='line_1_3' title="bbox 290 752 1119 838; baseline 0.007 -22"><span class='ocrx_word' id='word_1_9' title='bbox 290 770 340 818; x_wconf 89' lang='grc'><strong>355</strong></span> <span class='ocrx_word' id='word_1_10' title='bbox 365 755 399 814; x_wconf 88' lang='lat' dir='ltr'><strong>at</strong></span> <span class='ocrx_word' id='word_1_11' title='bbox 421 757 525 817; x_wconf 88' lang='lat' dir='ltr'><strong>mater</strong></span> <span class='ocrx_word' id='word_1_12' title='bbox 546 752 656 818; x_wconf 84' lang='lat' dir='ltr'><strong>viridis</strong></span> <span class='ocrx_word' id='word_1_13' title='bbox 678 754 780 818; x_wconf 86' lang='lat' dir='ltr'><strong>saltus</strong></span> <span class='ocrx_word' id='word_1_14' title='bbox 804 753 919 818; x_wconf 87' lang='lat' dir='ltr'><strong>orbata</strong></span> <span class='ocrx_word' id='word_1_15' title='bbox 941 771 1119 838; x_wconf 84' lang='lat' dir='ltr'><strong>peragrans</strong></span> 
     </span>
     <span class='ocr_line' id='line_1_4' title="bbox 364 865 1201 952; baseline 0.008 -24"><span class='ocrx_word' id='word_1_16' title='bbox 364 865 469 930; x_wconf 90' lang='lat' dir='ltr'><strong>noscit</strong></span> <span class='ocrx_word' id='word_1_17' title='bbox 490 865 575 930; x_wconf 87' lang='lat' dir='ltr'><strong>humi</strong></span> <span class='ocrx_word' id='word_1_18' title='bbox 598 866 734 950; x_wconf 90' lang='lat' dir='ltr'><strong>pedibus</strong></span> <span class='ocrx_word' id='word_1_19' title='bbox 758 868 891 949; x_wconf 86' lang='lat' dir='ltr'><strong>vestigia</strong></span> <span class='ocrx_word' id='word_1_20' title='bbox 914 889 1027 952; x_wconf 89' lang='lat' dir='ltr'><strong>pressa</strong></span> <span class='ocrx_word' id='word_1_21' title='bbox 1050 871 1201 947; x_wconf 83' lang='lat' dir='ltr'><strong>bisulcis,</strong></span> 
     </span>
     <span class='ocr_line' id='line_1_5' title="bbox 367 979 1227 1067; baseline 0.005 -23"><span class='ocrx_word' id='word_1_22' title='bbox 367 979 476 1044; x_wconf 87' lang='lat' dir='ltr'><strong>omnia</strong></span> <span class='ocrx_word' id='word_1_23' title='bbox 498 981 667 1046; x_wconf 77' lang='lat' dir='ltr'><strong>convisens</strong></span> <span class='ocrx_word' id='word_1_24' title='bbox 690 982 791 1048; x_wconf 87' lang='lat' dir='ltr'><strong>oeulis</strong></span> <span class='ocrx_word' id='word_1_25' title='bbox 815 983 884 1047; x_wconf 88' lang='lat' dir='ltr'><strong>loca</strong></span> <span class='ocrx_word' id='word_1_26' title='bbox 898 1033 905 1060; x_wconf 89' lang='lat'>‚</span> <span class='ocrx_word' id='word_1_27' title='bbox 921 984 947 1048; x_wconf 91' lang='lat' dir='ltr'><strong>si</strong></span> <span class='ocrx_word' id='word_1_28' title='bbox 971 991 1069 1065; x_wconf 81' lang='lat' dir='ltr'><strong>queat</strong></span> <span class='ocrx_word' id='word_1_29' title='bbox 1090 1004 1227 1067; x_wconf 90' lang='lat' dir='ltr'><strong>usquam</strong></span> 
     </span>
     <span class='ocr_line' id='line_1_6' title="bbox 366 1093 1262 1180; baseline 0.008 -22"><span class='ocrx_word' id='word_1_30' title='bbox 366 1093 552 1176; x_wconf 89' lang='lat' dir='ltr'><strong>conspicere</strong></span> <span class='ocrx_word' id='word_1_31' title='bbox 575 1095 726 1162; x_wconf 85' lang='lat' dir='ltr'><strong>amissum</strong></span> <span class='ocrx_word' id='word_1_32' title='bbox 750 1096 870 1179; x_wconf 88' lang='lat' dir='ltr'><strong>fetum,</strong></span> <span class='ocrx_word' id='word_1_33' title='bbox 887 1098 1087 1180; x_wconf 80' lang='lat' dir='ltr'><strong>completque</strong></span> <span class='ocrx_word' id='word_1_34' title='bbox 1110 1099 1262 1179; x_wconf 83' lang='lat' dir='ltr'><strong>querellis</strong></span> 
     </span>
     <span class='ocr_line' id='line_1_7' title="bbox 364 1206 1229 1286; baseline 0.006 -15"><span class='ocrx_word' id='word_1_35' title='bbox 364 1206 572 1272; x_wconf 82' lang='lat' dir='ltr'><strong>frondiferum</strong></span> <span class='ocrx_word' id='word_1_36' title='bbox 595 1227 708 1276; x_wconf 87' lang='lat' dir='ltr'><strong>nemus</strong></span> <span class='ocrx_word' id='word_1_37' title='bbox 731 1209 916 1286; x_wconf 75' lang='lat' dir='ltr'><strong>adsiduam,</strong></span> <span class='ocrx_word' id='word_1_38' title='bbox 933 1217 964 1274; x_wconf 92' lang='lat' dir='ltr'><strong>et</strong></span> <span class='ocrx_word' id='word_1_39' title='bbox 985 1212 1098 1276; x_wconf 88' lang='lat' dir='ltr'><strong>crebra</strong></span> <span class='ocrx_word' id='word_1_40' title='bbox 1119 1213 1229 1277; x_wconf 87' lang='lat' dir='ltr'><strong>revisit</strong></span> 
     </span>
     <span class='ocr_line' id='line_1_8' title="bbox 289 1321 1098 1409; baseline 0.002 -21"><span class='ocrx_word' id='word_1_41' title='bbox 289 1341 340 1388; x_wconf 92' lang='grc'><strong>333</strong></span> <span class='ocrx_word' id='word_1_42' title='bbox 364 1321 405 1386; x_wconf 90' lang='lat' dir='ltr'><strong>ad</strong></span> <span class='ocrx_word' id='word_1_43' title='bbox 429 1321 608 1400; x_wconf 84' lang='lat' dir='ltr'><strong>stabulum,</strong></span> <span class='ocrx_word' id='word_1_44' title='bbox 626 1322 784 1389; x_wconf 88' lang='lat' dir='ltr'><strong>desiderio</strong></span> <span class='ocrx_word' id='word_1_45' title='bbox 806 1325 929 1409; x_wconf 86' lang='lat' dir='ltr'><strong>perfixa</strong></span> <span class='ocrx_word' id='word_1_46' title='bbox 950 1325 1098 1409; x_wconf 84' lang='lat' dir='ltr'><strong>iuvenci,</strong></span> 
     </span>
     <span class='ocr_line' id='line_1_9' title="bbox 363 1437 1233 1522; baseline 0.009 -24"><span class='ocrx_word' id='word_1_47' title='bbox 363 1453 423 1499; x_wconf 92' lang='lat' dir='ltr'><strong>nec</strong></span> <span class='ocrx_word' id='word_1_48' title='bbox 444 1440 573 1500; x_wconf 88' lang='lat' dir='ltr'><strong>tenerae</strong></span> <span class='ocrx_word' id='word_1_49' title='bbox 596 1437 712 1504; x_wconf 88' lang='lat' dir='ltr'><strong>salices</strong></span> <span class='ocrx_word' id='word_1_50' title='bbox 735 1446 829 1519; x_wconf 85' lang='lat' dir='ltr'><strong>atque</strong></span> <span class='ocrx_word' id='word_1_51' title='bbox 852 1437 971 1505; x_wconf 85' lang='lat' dir='ltr'><strong>herbae</strong></span> <span class='ocrx_word' id='word_1_52' title='bbox 992 1458 1064 1505; x_wconf 91' lang='lat' dir='ltr'><strong>rore</strong></span> <span class='ocrx_word' id='word_1_53' title='bbox 1086 1442 1233 1522; x_wconf 85' lang='lat' dir='ltr'><strong>vigentes</strong></span> 
     </span>
     <span class='ocr_line' id='line_1_10' title="bbox 362 1548 1191 1639; baseline 0.007 -26"><span class='ocrx_word' id='word_1_54' title='bbox 362 1548 556 1632; x_wconf 86' lang='lat' dir='ltr'><strong>fluminaque</strong></span> <span class='ocrx_word' id='word_1_55' title='bbox 578 1551 634 1616; x_wconf 87' lang='lat' dir='ltr'><strong>illa</strong></span> <span class='ocrx_word' id='word_1_56' title='bbox 656 1559 775 1633; x_wconf 90' lang='lat' dir='ltr'><strong>queunt</strong></span> <span class='ocrx_word' id='word_1_57' title='bbox 796 1554 927 1618; x_wconf 87' lang='lat' dir='ltr'><strong>summis</strong></span> <span class='ocrx_word' id='word_1_58' title='bbox 949 1554 1091 1618; x_wconf 84' lang='lat' dir='ltr'><strong>labentia</strong></span> <span class='ocrx_word' id='word_1_59' title='bbox 1114 1555 1191 1639; x_wconf 83' lang='lat' dir='ltr'><strong>ripis</strong></span> 
     </span>
     <span class='ocr_line' id='line_1_11' title="bbox 363 1664 1221 1749; baseline 0.003 -21"><span class='ocrx_word' id='word_1_60' title='bbox 363 1664 527 1730; x_wconf 90' lang='lat' dir='ltr'><strong>oblectare</strong></span> <span class='ocrx_word' id='word_1_61' title='bbox 549 1667 688 1732; x_wconf 89' lang='lat' dir='ltr'><strong>aninmm</strong></span> <span class='ocrx_word' id='word_1_62' title='bbox 711 1667 901 1749; x_wconf 88' lang='lat' dir='ltr'><strong>solitamque</strong></span> <span class='ocrx_word' id='word_1_63' title='bbox 924 1675 1069 1734; x_wconf 87' lang='lat' dir='ltr'><strong>avertere</strong></span> <span class='ocrx_word' id='word_1_64' title='bbox 1092 1687 1221 1745; x_wconf 83' lang='lat' dir='ltr'><strong>euram,</strong></span> 
     </span>
     <span class='ocr_line' id='line_1_12' title="bbox 363 1781 1197 1867; baseline 0.006 -24"><span class='ocrx_word' id='word_1_65' title='bbox 363 1799 424 1844; x_wconf 90' lang='lat' dir='ltr'><strong>neo</strong></span> <span class='ocrx_word' id='word_1_66' title='bbox 445 1781 615 1844; x_wconf 88' lang='lat' dir='ltr'><strong>vitulorum</strong></span> <span class='ocrx_word' id='word_1_67' title='bbox 638 1781 720 1846; x_wconf 87' lang='lat' dir='ltr'><strong>aliae</strong></span> <span class='ocrx_word' id='word_1_68' title='bbox 743 1783 868 1866; x_wconf 85' lang='lat' dir='ltr'><strong>species</strong></span> <span class='ocrx_word' id='word_1_69' title='bbox 889 1802 947 1866; x_wconf 90' lang='lat' dir='ltr'><strong>per</strong></span> <span class='ocrx_word' id='word_1_70' title='bbox 968 1783 1090 1867; x_wconf 88' lang='lat' dir='ltr'><strong>pabula</strong></span> <span class='ocrx_word' id='word_1_71' title='bbox 1112 1783 1197 1848; x_wconf 86' lang='lat' dir='ltr'><strong>laeta</strong></span> 
     </span>
     <span class='ocr_line' id='line_1_13' title="bbox 288 1893 1127 1980; baseline 0.005 -23"><span class='ocrx_word' id='word_1_72' title='bbox 288 1911 338 1959; x_wconf 89' lang='grc'><strong>335</strong></span> <span class='ocrx_word' id='word_1_73' title='bbox 362 1893 510 1960; x_wconf 86' lang='lat' dir='ltr'><strong>derivare</strong></span> <span class='ocrx_word' id='word_1_74' title='bbox 534 1903 652 1977; x_wconf 91' lang='lat' dir='ltr'><strong>queunt</strong></span> <span class='ocrx_word' id='word_1_75' title='bbox 674 1897 813 1962; x_wconf 86' lang='lat' dir='ltr'><strong>animum</strong></span> <span class='ocrx_word' id='word_1_76' title='bbox 836 1917 977 1980; x_wconf 87' lang='lat' dir='ltr'><strong>curaque</strong></span> <span class='ocrx_word' id='word_1_77' title='bbox 999 1899 1127 1963; x_wconf 84' lang='lat' dir='ltr'><strong>levare:</strong></span> 
     </span>
     <span class='ocr_line' id='line_1_14' title="bbox 362 2009 1293 2096; baseline 0.008 -25"><span class='ocrx_word' id='word_1_78' title='bbox 362 2027 462 2090; x_wconf 87' lang='lat' dir='ltr'><strong>usque</strong></span> <span class='ocrx_word' id='word_1_79' title='bbox 485 2009 564 2075; x_wconf 87' lang='lat' dir='ltr'><strong>adeo</strong></span> <span class='ocrx_word' id='word_1_80' title='bbox 589 2010 739 2093; x_wconf 83' lang='lat' dir='ltr'><strong>quiddam</strong></span> <span class='ocrx_word' id='word_1_81' title='bbox 763 2012 925 2096; x_wconf 83' lang='lat' dir='ltr'><strong>proprium</strong></span> <span class='ocrx_word' id='word_1_82' title='bbox 948 2017 1120 2093; x_wconf 87' lang='lat' dir='ltr'><strong>notumque</strong></span> <span class='ocrx_word' id='word_1_83' title='bbox 1143 2013 1293 2094; x_wconf 86' lang='lat' dir='ltr'><strong>requirit.</strong></span> 
     </span>
     <span class='ocr_line' id='line_1_15' title="bbox 364 2125 1179 2207; baseline 0.005 -21"><span class='ocrx_word' id='word_1_84' title='bbox 364 2131 532 2207; x_wconf 87' lang='lat' dir='ltr'><strong>praeterea</strong></span> <span class='ocrx_word' id='word_1_85' title='bbox 554 2128 655 2191; x_wconf 90' lang='lat' dir='ltr'><strong>teneri</strong></span> <span class='ocrx_word' id='word_1_86' title='bbox 677 2125 819 2190; x_wconf 85' lang='lat' dir='ltr'><strong>tremulis</strong></span> <span class='ocrx_word' id='word_1_87' title='bbox 842 2145 913 2190; x_wconf 88' lang='lat' dir='ltr'><strong>cnm</strong></span> <span class='ocrx_word' id='word_1_88' title='bbox 931 2125 1063 2191; x_wconf 86' lang='lat' dir='ltr'><strong>vocibus</strong></span> <span class='ocrx_word' id='word_1_89' title='bbox 1086 2125 1179 2191; x_wconf 88' lang='lat' dir='ltr'><strong>haedi</strong></span> 
     </span>
     <span class='ocr_line' id='line_1_16' title="bbox 362 2239 1140 2325; baseline 0.003 -24"><span class='ocrx_word' id='word_1_90' title='bbox 362 2239 547 2320; x_wconf 85' lang='lat' dir='ltr'><strong>cornigeras</strong></span> <span class='ocrx_word' id='word_1_91' title='bbox 570 2249 686 2304; x_wconf 92' lang='lat' dir='ltr'><strong>norunt</strong></span> <span class='ocrx_word' id='word_1_92' title='bbox 708 2247 844 2324; x_wconf 84' lang='lat' dir='ltr'><strong>matres,</strong></span> <span class='ocrx_word' id='word_1_93' title='bbox 861 2241 999 2325; x_wconf 83' lang='lat' dir='ltr'><strong>agnique</strong></span> <span class='ocrx_word' id='word_1_94' title='bbox 1022 2240 1140 2323; x_wconf 89' lang='lat' dir='ltr'><strong>petulci</strong></span> 
     </span>
     <span class='ocr_line' id='line_1_17' title="bbox 361 2352 1215 2440; baseline 0.005 -24"><span class='ocrx_word' id='word_1_95' title='bbox 361 2352 526 2417; x_wconf 88' lang='lat' dir='ltr'><strong>balantum</strong></span> <span class='ocrx_word' id='word_1_96' title='bbox 548 2354 708 2438; x_wconf 88' lang='lat' dir='ltr'><strong>pecudes:</strong></span> <span class='ocrx_word' id='word_1_97' title='bbox 725 2355 789 2438; x_wconf 84' lang='lat' dir='ltr'><strong>ita,</strong></span> <span class='ocrx_word' id='word_1_98' title='bbox 807 2355 892 2438; x_wconf 92' lang='lat' dir='ltr'><strong>quod</strong></span> <span class='ocrx_word' id='word_1_99' title='bbox 915 2359 1032 2420; x_wconf 82' lang='lat' dir='ltr'><strong>natura</strong></span> <span class='ocrx_word' id='word_1_100' title='bbox 1053 2356 1215 2440; x_wconf 87' lang='lat' dir='ltr'><strong>reposcit,</strong></span> 
     </span>
     <span class='ocr_line' id='line_1_18' title="bbox 287 2467 1178 2551; baseline 0.002 -19"><span class='ocrx_word' id='word_1_101' title='bbox 287 2485 337 2533; x_wconf 85' lang='grc'><strong>333</strong></span> <span class='ocrx_word' id='word_1_102' title='bbox 362 2467 403 2532; x_wconf 89' lang='lat' dir='ltr'><strong>ad</strong></span> <span class='ocrx_word' id='word_1_103' title='bbox 427 2487 486 2534; x_wconf 88' lang='lat' dir='ltr'><strong>sua</strong></span> <span class='ocrx_word' id='word_1_104' title='bbox 509 2471 645 2551; x_wconf 87' lang='lat' dir='ltr'><strong>quisque</strong></span> <span class='ocrx_word' id='word_1_105' title='bbox 667 2469 736 2535; x_wconf 89' lang='lat' dir='ltr'><strong>fere</strong></span> <span class='ocrx_word' id='word_1_106' title='bbox 758 2468 929 2534; x_wconf 88' lang='lat' dir='ltr'><strong>decurrunt</strong></span> <span class='ocrx_word' id='word_1_107' title='bbox 949 2470 1048 2534; x_wconf 90' lang='lat' dir='ltr'><strong>ubera</strong></span> <span class='ocrx_word' id='word_1_108' title='bbox 1067 2469 1178 2534; x_wconf 87' lang='lat' dir='ltr'><strong>lactis.</strong></span> 
     </span>
     <span class='ocr_line' id='line_1_19' title="bbox 361 2583 1230 2666; baseline 0.002 -18"><span class='ocrx_word' id='word_1_109' title='bbox 361 2589 522 2666; x_wconf 88' lang='lat' dir='ltr'><strong>postremo</strong></span> <span class='ocrx_word' id='word_1_110' title='bbox 546 2583 682 2665; x_wconf 88' lang='lat' dir='ltr'><strong>quodvis</strong></span> <span class='ocrx_word' id='word_1_111' title='bbox 705 2584 894 2650; x_wconf 89' lang='lat' dir='ltr'><strong>frumentum</strong></span> <span class='ocrx_word' id='word_1_112' title='bbox 916 2603 981 2648; x_wconf 93' lang='lat' dir='ltr'><strong>non</strong></span> <span class='ocrx_word' id='word_1_113' title='bbox 1003 2591 1108 2650; x_wconf 89' lang='lat' dir='ltr'><strong>tamen</strong></span> <span class='ocrx_word' id='word_1_114' title='bbox 1135 2603 1230 2650; x_wconf 87' lang='lat' dir='ltr'><strong>omne</strong></span> 
     </span>
     <span class='ocr_line' id='line_1_20' title="bbox 362 2697 1249 2783; baseline 0.006 -23"><span class='ocrx_word' id='word_1_115' title='bbox 362 2697 478 2779; x_wconf 88' lang='lat' dir='ltr'><strong>quique</strong></span> <span class='ocrx_word' id='word_1_116' title='bbox 501 2718 559 2762; x_wconf 94' lang='lat' dir='ltr'><strong>suo</strong></span> <span class='ocrx_word' id='word_1_117' title='bbox 582 2717 699 2782; x_wconf 83' lang='lat' dir='ltr'><strong>genere</strong></span> <span class='ocrx_word' id='word_1_118' title='bbox 721 2699 802 2762; x_wconf 88' lang='lat' dir='ltr'><strong>inter</strong></span> <span class='ocrx_word' id='word_1_119' title='bbox 823 2717 858 2764; x_wconf 89' lang='lat' dir='ltr'><strong>se</strong></span> <span class='ocrx_word' id='word_1_120' title='bbox 882 2697 985 2763; x_wconf 87' lang='lat' dir='ltr'><strong>simile</strong></span> <span class='ocrx_word' id='word_1_121' title='bbox 1008 2717 1079 2764; x_wconf 88' lang='lat' dir='ltr'><strong>esse</strong></span> <span class='ocrx_word' id='word_1_122' title='bbox 1101 2697 1249 2783; x_wconf 86' lang='lat' dir='ltr'><strong>videbis,</strong></span> 
     </span>
     <span class='ocr_line' id='line_1_21' title="bbox 362 2811 1157 2893; baseline 0.001 -18"><span class='ocrx_word' id='word_1_123' title='bbox 362 2811 436 2893; x_wconf 85' lang='lat' dir='ltr'><strong>quin</strong></span> <span class='ocrx_word' id='word_1_124' title='bbox 460 2811 648 2876; x_wconf 81' lang='lat' dir='ltr'><strong>intercurrat</strong></span> <span class='ocrx_word' id='word_1_125' title='bbox 669 2813 829 2893; x_wconf 87' lang='lat' dir='ltr'><strong>quaedam</strong></span> <span class='ocrx_word' id='word_1_126' title='bbox 853 2812 1006 2877; x_wconf 88' lang='lat' dir='ltr'><strong>distantia</strong></span> <span class='ocrx_word' id='word_1_127' title='bbox 1028 2813 1157 2878; x_wconf 86' lang='lat' dir='ltr'><strong>formis.</strong></span> 
     </span>
     <span class='ocr_line' id='line_1_22' title="bbox 362 2927 1172 3011; baseline 0.001 -21"><span class='ocrx_word' id='word_1_128' title='bbox 362 2927 619 3010; x_wconf 75' lang='lat' dir='ltr'><strong>concharumque</strong></span> <span class='ocrx_word' id='word_1_129' title='bbox 642 2947 744 3008; x_wconf 86' lang='lat' dir='ltr'><strong>genus</strong></span> <span class='ocrx_word' id='word_1_130' title='bbox 767 2929 860 3011; x_wconf 89' lang='lat' dir='ltr'><strong>parili</strong></span> <span class='ocrx_word' id='word_1_131' title='bbox 884 2929 1006 2992; x_wconf 88' lang='lat' dir='ltr'><strong>ratione</strong></span> <span class='ocrx_word' id='word_1_132' title='bbox 1027 2927 1172 2992; x_wconf 88' lang='lat' dir='ltr'><strong>videmus</strong></span> 
     </span>
     <span class='ocr_line' id='line_1_23' title="bbox 285 3041 1207 3126; baseline -0.002 -19"><span class='ocrx_word' id='word_1_133' title='bbox 285 3061 335 3108; x_wconf 85' lang='grc'><strong>335</strong></span> <span class='ocrx_word' id='word_1_134' title='bbox 360 3043 494 3126; x_wconf 87' lang='lat' dir='ltr'><strong>pingere</strong></span> <span class='ocrx_word' id='word_1_135' title='bbox 517 3041 640 3106; x_wconf 90' lang='lat' dir='ltr'><strong>telluris</strong></span> <span class='ocrx_word' id='word_1_136' title='bbox 662 3041 920 3124; x_wconf 64' lang='lat' dir='ltr'><strong>gremiumque</strong></span> <span class='ocrx_word' id='word_1_137' title='bbox 941 3043 1091 3108; x_wconf 88' lang='lat' dir='ltr'><strong>mollibus</strong></span> <span class='ocrx_word' id='word_1_138' title='bbox 1113 3042 1207 3106; x_wconf 92' lang='lat' dir='ltr'><strong>undis</strong></span> 
     </span>
     <span class='ocr_line' id='line_1_24' title="bbox 358 3155 1219 3239; baseline 0 -21"><span class='ocrx_word' id='word_1_139' title='bbox 358 3155 458 3220; x_wconf 91' lang='lat' dir='ltr'><strong>litoris</strong></span> <span class='ocrx_word' id='word_1_140' title='bbox 480 3157 601 3221; x_wconf 87' lang='lat' dir='ltr'><strong>incurvi</strong></span> <span class='ocrx_word' id='word_1_141' title='bbox 626 3156 768 3220; x_wconf 86' lang='lat' dir='ltr'><strong>bibulam</strong></span> <span class='ocrx_word' id='word_1_142' title='bbox 791 3157 880 3239; x_wconf 86' lang='lat' dir='ltr'><strong>pavit</strong></span> <span class='ocrx_word' id='word_1_143' title='bbox 902 3177 1024 3238; x_wconf 88' lang='lat' dir='ltr'><strong>aequor</strong></span> <span class='ocrx_word' id='word_1_144' title='bbox 1046 3155 1219 3222; x_wconf 82' lang='lat' dir='ltr'><strong>harenam.</strong></span> 
     </span>
     <span class='ocr_line' id='line_1_25' title="bbox 361 3270 1287 3352; baseline 0.002 -20"><span class='ocrx_word' id='word_1_145' title='bbox 361 3288 459 3350; x_wconf 89' lang='lat' dir='ltr'><strong>quare</strong></span> <span class='ocrx_word' id='word_1_146' title='bbox 482 3270 578 3336; x_wconf 87' lang='lat' dir='ltr'><strong>etism</strong></span> <span class='ocrx_word' id='word_1_147' title='bbox 603 3278 700 3351; x_wconf 87' lang='lat' dir='ltr'><strong>atque</strong></span> <span class='ocrx_word' id='word_1_148' title='bbox 723 3271 817 3336; x_wconf 86' lang='lat' dir='ltr'><strong>etiem</strong></span> <span class='ocrx_word' id='word_1_149' title='bbox 840 3271 935 3336; x_wconf 89' lang='lat' dir='ltr'><strong>simili</strong></span> <span class='ocrx_word' id='word_1_150' title='bbox 958 3272 1081 3336; x_wconf 87' lang='lat' dir='ltr'><strong>ratione</strong></span> <span class='ocrx_word' id='word_1_151' title='bbox 1104 3276 1287 3352; x_wconf 85' lang='lat' dir='ltr'><strong>necessest,</strong></span> 
     </span>
     <span class='ocr_line' id='line_1_26' title="bbox 359 3383 1270 3466; baseline 0.001 -19"><span class='ocrx_word' id='word_1_152' title='bbox 359 3391 475 3448; x_wconf 86' lang='lat' dir='ltr'><strong>natura</strong></span> <span class='ocrx_word' id='word_1_153' title='bbox 498 3387 650 3466; x_wconf 89' lang='lat' dir='ltr'><strong>quoniam</strong></span> <span class='ocrx_word' id='word_1_154' title='bbox 672 3393 819 3450; x_wconf 87' lang='lat' dir='ltr'><strong>constant</strong></span> <span class='ocrx_word' id='word_1_155' title='bbox 841 3403 944 3466; x_wconf 87' lang='lat' dir='ltr'><strong>neque</strong></span> <span class='ocrx_word' id='word_1_156' title='bbox 966 3383 1054 3450; x_wconf 84' lang='lat' dir='ltr'><strong>facta</strong></span> <span class='ocrx_word' id='word_1_157' title='bbox 1075 3405 1173 3450; x_wconf 88' lang='lat' dir='ltr'><strong>manu</strong></span> <span class='ocrx_word' id='word_1_158' title='bbox 1196 3392 1270 3449; x_wconf 88' lang='lat' dir='ltr'><strong>sunt</strong></span> 
     </span>
     <span class='ocr_line' id='line_1_27' title="bbox 361 3498 1162 3583; baseline 0.001 -22"><span class='ocrx_word' id='word_1_159' title='bbox 361 3498 453 3562; x_wconf 89' lang='lat' dir='ltr'><strong>unius</strong></span> <span class='ocrx_word' id='word_1_160' title='bbox 476 3498 519 3562; x_wconf 90' lang='lat' dir='ltr'><strong>ad</strong></span> <span class='ocrx_word' id='word_1_161' title='bbox 542 3506 660 3564; x_wconf 85' lang='lat' dir='ltr'><strong>certam</strong></span> <span class='ocrx_word' id='word_1_162' title='bbox 682 3498 819 3564; x_wconf 89' lang='lat' dir='ltr'><strong>formam</strong></span> <span class='ocrx_word' id='word_1_163' title='bbox 840 3499 1015 3583; x_wconf 87' lang='lat' dir='ltr'><strong>primordia</strong></span> <span class='ocrx_word' id='word_1_164' title='bbox 1036 3519 1162 3582; x_wconf 87' lang='lat' dir='ltr'><strong>rerum,</strong></span> 
     </span>
     <span class='ocr_line' id='line_1_28' title="bbox 284 3611 1155 3696; baseline -0.001 -18"><span class='ocrx_word' id='word_1_165' title='bbox 284 3630 335 3678; x_wconf 88' lang='grc'><strong>333</strong></span> <span class='ocrx_word' id='word_1_166' title='bbox 360 3611 508 3678; x_wconf 91' lang='lat' dir='ltr'><strong>dissimili</strong></span> <span class='ocrx_word' id='word_1_167' title='bbox 530 3613 612 3678; x_wconf 89' lang='lat' dir='ltr'><strong>inter</strong></span> <span class='ocrx_word' id='word_1_168' title='bbox 634 3635 668 3679; x_wconf 90' lang='grc'><strong>33</strong></span> <span class='ocrx_word' id='word_1_169' title='bbox 692 3614 850 3695; x_wconf 89' lang='lat' dir='ltr'><strong>quaedam</strong></span> <span class='ocrx_word' id='word_1_170' title='bbox 873 3613 1007 3678; x_wconf 87' lang='lat' dir='ltr'><strong>volitare</strong></span> <span class='ocrx_word' id='word_1_171' title='bbox 1030 3613 1155 3696; x_wconf 80' lang='lat' dir='ltr'><strong>figura.</strong></span> 
     </span>
     <span class='ocr_line' id='line_1_29' title="bbox 401 3727 1154 3794; baseline -0.005 0"><span class='ocrx_word' id='word_1_172' title='bbox 401 3727 557 3794; x_wconf 81' lang='lat' dir='ltr'><strong>Perfacile</strong></span> <span class='ocrx_word' id='word_1_173' title='bbox 580 3735 628 3793; x_wconf 88' lang='lat' dir='ltr'><strong>est</strong></span> <span class='ocrx_word' id='word_1_174' title='bbox 649 3729 706 3792; x_wconf 89' lang='lat' dir='ltr'><strong>tali</strong></span> <span class='ocrx_word' id='word_1_175' title='bbox 731 3729 851 3794; x_wconf 89' lang='lat' dir='ltr'><strong>ratione</strong></span> <span class='ocrx_word' id='word_1_176' title='bbox 875 3728 1039 3793; x_wconf 82' lang='lat' dir='ltr'><strong>exsolvere</strong></span> <span class='ocrx_word' id='word_1_177' title='bbox 1062 3727 1154 3792; x_wconf 88' lang='lat' dir='ltr'><strong>nobis</strong></span> 
     </span>
     <span class='ocr_line' id='line_1_30' title="bbox 359 3841 1096 3927; baseline -0.004 -20"><span class='ocrx_word' id='word_1_178' title='bbox 359 3861 458 3924; x_wconf 87' lang='lat' dir='ltr'><strong>quare</strong></span> <span class='ocrx_word' id='word_1_179' title='bbox 480 3842 650 3908; x_wconf 86' lang='lat' dir='ltr'><strong>fulmineus</strong></span> <span class='ocrx_word' id='word_1_180' title='bbox 672 3844 771 3907; x_wconf 90' lang='lat' dir='ltr'><strong>multo</strong></span> <span class='ocrx_word' id='word_1_181' title='bbox 794 3841 991 3927; x_wconf 90' lang='lat' dir='ltr'><strong>penetralior</strong></span> <span class='ocrx_word' id='word_1_182' title='bbox 1012 3842 1096 3924; x_wconf 78' lang='lat' dir='ltr'><strong>ignis</strong></span> 
     </span>
     <span class='ocr_line' id='line_1_31' title="bbox 359 3955 1188 4038; baseline -0.004 -17"><span class='ocrx_word' id='word_1_183' title='bbox 359 3975 455 4038; x_wconf 85' lang='lat' dir='ltr'><strong>quam</strong></span> <span class='ocrx_word' id='word_1_184' title='bbox 478 3963 585 4022; x_wconf 89' lang='lat' dir='ltr'><strong>noster</strong></span> <span class='ocrx_word' id='word_1_185' title='bbox 606 3957 674 4022; x_wconf 88' lang='lat' dir='ltr'><strong>fuat</strong></span> <span class='ocrx_word' id='word_1_186' title='bbox 696 3976 715 4022; x_wconf 90' lang='grc'><strong>3</strong></span> <span class='ocrx_word' id='word_1_187' title='bbox 737 3957 838 4023; x_wconf 87' lang='lat' dir='ltr'><strong>laedis</strong></span> <span class='ocrx_word' id='word_1_188' title='bbox 860 3955 1060 4022; x_wconf 87' lang='lat' dir='ltr'><strong>terrestribus</strong></span> <span class='ocrx_word' id='word_1_189' title='bbox 1082 3962 1188 4019; x_wconf 90' lang='lat' dir='ltr'><strong>ortus:</strong></span> 
     </span>
    </p>
   </div>
   <div class='ocr_carea' id='block_1_3' title="bbox 364 4139 562 4149">
    <p class='ocr_par' dir='ltr' id='par_1_3' title="bbox 364 4139 562 4149">
     <span class='ocr_line' id='line_1_32' title="bbox 364 4139 562 4149; baseline 0.005 -2"><span class='ocrx_word' id='word_1_190' title='bbox 364 4139 562 4149; x_wconf 75' lang='lat'><strong>———.--.-</strong></span> 
     </span>
    </p>
   </div>
   <div class='ocr_carea' id='block_1_4' title="bbox 359 4253 1460 4486">
    <p class='ocr_par' dir='ltr' id='par_1_4' title="bbox 359 4253 1460 4486">
     <span class='ocr_line' id='line_1_33' title="bbox 360 4253 1460 4329; baseline -0.005 -22"><span class='ocrx_word' id='word_1_191' title='bbox 360 4257 411 4307; x_wconf 74' lang='grc'><strong>854</strong></span> <span class='ocrx_word' id='word_1_192' title='bbox 431 4257 551 4308; x_wconf 83' lang='lat' dir='ltr'><strong>callidum</strong></span> <span class='ocrx_word' id='word_1_193' title='bbox 569 4255 584 4329; x_wconf 94' lang='grc' dir='ltr'>Η</span> <span class='ocrx_word' id='word_1_194' title='bbox 604 4259 653 4309; x_wconf 80' lang='grc'><strong>886</strong></span> <span class='ocrx_word' id='word_1_195' title='bbox 673 4257 788 4322; x_wconf 85' lang='lat' dir='ltr'><strong>Nonqnit</strong></span> <span class='ocrx_word' id='word_1_196' title='bbox 807 4257 820 4326; x_wconf 93' lang='grc' dir='ltr'>Η</span> <span class='ocrx_word' id='word_1_197' title='bbox 841 4258 891 4309; x_wconf 79' lang='grc'><strong>859</strong></span> <span class='ocrx_word' id='word_1_198' title='bbox 910 4257 1031 4310; x_wconf 76' lang='grc'><strong>3313133333</strong></span> <span class='ocrx_word' id='word_1_199' title='bbox 1053 4267 1078 4309; x_wconf 85' lang='lat' dir='ltr'><strong>et</strong></span> <span class='ocrx_word' id='word_1_200' title='bbox 1100 4255 1186 4309; x_wconf 72' lang='lat' dir='ltr'><strong>maisit</strong></span> <span class='ocrx_word' id='word_1_201' title='bbox 1209 4255 1314 4308; x_wconf 83' lang='lat' dir='ltr'><strong>crebra.</strong></span> <span class='ocrx_word' id='word_1_202' title='bbox 1335 4253 1347 4324; x_wconf 99' lang='grc' dir='ltr'>Η</span> <span class='ocrx_word' id='word_1_203' title='bbox 1368 4254 1413 4305; x_wconf 85' lang='grc'><strong>888</strong></span> <span class='ocrx_word' id='word_1_204' title='bbox 1428 4263 1460 4300; x_wconf 81' lang='lat' dir='ltr'><strong>su·</strong></span> 
     </span>
     <span class='ocr_line' id='line_1_34' title="bbox 359 4335 1460 4418; baseline -0.005 -24"><span class='ocrx_word' id='word_1_205' title='bbox 359 4343 490 4408; x_wconf 81' lang='lat' dir='ltr'><strong>bitamqua</strong></span> <span class='ocrx_word' id='word_1_206' title='bbox 508 4343 521 4418; x_wconf 95' lang='grc' dir='ltr'>Η</span> <span class='ocrx_word' id='word_1_207' title='bbox 541 4347 590 4396; x_wconf 84' lang='grc'><strong>871</strong></span> <span class='ocrx_word' id='word_1_208' title='bbox 609 4346 726 4412; x_wconf 82' lang='lat' dir='ltr'><strong>quodviis</strong></span> <span class='ocrx_word' id='word_1_209' title='bbox 745 4345 759 4418; x_wconf 96' lang='grc' dir='ltr'>Η</span> <span class='ocrx_word' id='word_1_210' title='bbox 780 4347 829 4396; x_wconf 78' lang='lat'><strong>³72</strong></span> <span class='ocrx_word' id='word_1_211' title='bbox 854 4340 971 4414; x_wconf 84' lang='lat' dir='ltr'><strong>Quidque</strong></span> <span class='ocrx_word' id='word_1_212' title='bbox 990 4345 1003 4418; x_wconf 98' lang='grc' dir='ltr'>Η</span> <span class='ocrx_word' id='word_1_213' title='bbox 1024 4349 1071 4396; x_wconf 91' lang='grc'><strong>881</strong></span> <span class='ocrx_word' id='word_1_214' title='bbox 1093 4345 1171 4396; x_wconf 84' lang='lat' dir='ltr'><strong>animi</strong></span> <span class='ocrx_word' id='word_1_215' title='bbox 1192 4343 1206 4416; x_wconf 97' lang='grc' dir='ltr'>Η</span> <span class='ocrx_word' id='word_1_216' title='bbox 1227 4348 1277 4396; x_wconf 76' lang='grc'><strong>888</strong></span> <span class='ocrx_word' id='word_1_217' title='bbox 1297 4335 1460 4412; x_wconf 64' lang='grc'><strong>1333311888</strong></span> 
     </span>
     <span class='ocr_line' id='line_1_35' title="bbox 360 4430 423 4486; baseline -0.079 0"><span class='ocrx_word' id='word_1_218' title='bbox 360 4430 423 4486; x_wconf 80' lang='lat' dir='ltr'><strong>fluat</strong></span> 
     </span>
    </p>
   </div>
   <div class='ocr_carea' id='block_1_5' title="bbox 0 0 1530 5144">
    <p class='ocr_par' dir='ltr' id='par_1_5' title="bbox 0 0 1530 5144">
     <span class='ocr_line' id='line_1_36' title="bbox 0 0 1530 5144; baseline 0 3"><span class='ocrx_word' id='word_1_219' title='bbox 0 0 1530 5144; x_wconf 95' lang='lat' dir='ltr'><strong> </strong></span> 
     </span>
    </p>
   </div>
  </div>
 </body>
</html>
