3020 5146
331 424 389 487 156
858 417 915 482 1111

326 589 358 652 id
381 609 507 672 quoque
530 589 695 673 permagni
718 588 834 654 refert:
852 609 926 654 nam
950 609 1037 654 more
1059 589 1197 654 serarum

245 723 310 769 mos
328 701 634 786 quadrupedumque
656 705 760 784 magis
783 703 844 767 ritu
867 704 1056 788 plerumque
1078 713 1231 790 putantur

326 818 493 901 concipere
518 837 652 896 uxores,
671 817 747 898 quia
770 817 815 882 sic
837 818 908 883 loca
931 838 1056 884 sumere
1079 827 1233 904 possunt,

327 930 510 1016 pectoribus
533 931 667 1013 positis,
685 930 820 996 sublatis
844 933 968 1000 semina
991 933 1129 998 lumbis.

328 1065 386 1110 uec
409 1044 523 1109 molles
546 1046 616 1128 opu’
640 1053 713 1110 sunt
735 1053 840 1112 motus
863 1048 1015 1114 uxoribus
1039 1048 1157 1112 hilum.

327 1181 400 1224 uam
423 1158 539 1222 mulier
560 1157 708 1242 prohibet
731 1179 767 1224 se
790 1163 959 1245 concipere
981 1167 1282 1246 atqoerrcpugnaa

246 1297 311 1342 1270
330 1274 476 1339 clunibus
497 1273 568 1357 ipsa
591 1273 647 1338 viri
670 1271 827 1338 Venerem
849 1275 875 1338 si
900 1275 986 1340 taeta
1008 1281 1161 1342 retractat

326 1396 420 1470 atque
444 1393 593 1452 exossato
618 1387 680 1454 ciet
702 1389 787 1454 omui
809 1395 938 1472 pectore
961 1389 1094 1455 fluctus:

327 1504 400 1569 eicit
422 1501 505 1568 enim
528 1507 649 1570 sulcum
673 1507 762 1572 recta
783 1504 914 1584 regione
937 1505 1052 1588 viaque

325 1621 483 1705 vomeris,
501 1627 595 1702 atque
617 1621 697 1684 locis
719 1621 832 1684 avertit
854 1619 986 1684 seminis
1007 1619 1124 1684 ictum.

327 1733 423 1815 idque
447 1755 506 1800 sua
528 1755 627 1801 causa
650 1737 842 1800 consuerunt
865 1740 969 1797 scorta
992 1735 1130 1816 moveri,

243 1869 309 1915 1275
327 1869 366 1913 uc
389 1849 622 1933 complerentur
644 1845 756 1912 crebro
779 1847 999 1929 gravidaeque
1022 1848 1182 1926 iacerent,

326 1969 357 2027 ct
379 1964 472 2028 simul
495 1963 564 2046 ipsa
587 1962 664 2028 viris
687 1961 793 2026 Venus
816 1967 850 2024 ut
863 1961 1057 2058 'concinnior
1079 1968 1185 2045 esset;

326 2077 514 2161 coniugibus
537 2077 622 2159 quod
646 2077 690 2140 nil
713 2076 830 2141 nostris
852 2096 934 2160 opus
956 2095 1029 2142 esse
1051 2075 1196 2142 videtur.

366 2193 432 2257 Nec
454 2191 604 2256 divinitus
626 2193 709 2256 iuter
731 2189 806 2254 dum
825 2191 1023 2274 Venerisque
1047 2191 1171 2274 sagittis

327 2307 485 2372 deteriore
507 2306 541 2370 tit
563 2313 605 2371 ut.
619 2306 723 2370 sonna
745 2305 931 2370 muliercula
952 2311 1095 2371 emetur:

243 2441 399 2490 resonam
424 2421 498 2486 facit
520 2422 592 2505 ipsa
615 2421 681 2486 suia
703 2421 785 2484 iuter
808 2420 883 2482 dum
907 2419 1025 2485 femina
1047 2419 1140 2486 factis

325 2536 554 2619 morigerisque
576 2535 680 2600 modis
703 2540 735 2599 et
756 2533 875 2599 munde
899 2553 1032 2618 corpore
1055 2535 1158 2612 cuitu,

325 2659 359 2715 ut
382 2651 475 2715 tacite
497 2651 660 2716 insuescat
682 2669 789 2714 secum
811 2669 869 2714 nos
893 2647 1011 2730 degere
1033 2649 1150 2714 vitam.

327 2765 413 2847 quod
436 2784 533 2849 super
556 2771 624 2848 est,
642 2763 837 2829 consuetudo
861 2764 1029 2830 concinnat
1051 2781 1213 2828 amorem:

325 2900 398 2944 narn
421 2881 533 2945 leviter
556 2879 701 2962 quamvis
724 2878 809 2961 quod
832 2879 941 2943 crebro
964 2877 1105 2942 tunditur
1126 2877 1210 2962 ictu,

241 3017 306 3063 ruso
324 2995 458 3060 vincitur
481 2995 513 3058 in
536 2994 631 3079 longo
656 2994 760 3079 spatio
784 2999 892 3057 tamen
915 3000 1011 3076 atque
1034 2992 1193 3058 tabescit.

324 3129 430 3175 nonne
452 3111 543 3176 vides
566 3111 659 3176 etiam
684 3115 790 3191 guttas
816 3108 848 3170 in
870 3128 951 3172 saxa
974 3107 1118 3172 cadentis

326 3225 444 3289 umoris
466 3225 563 3309 longo
586 3225 620 3289 in
644 3223 746 3310 spatio
769 3220 960 3306 pertundere
983 3221 1090 3286 saxa?
1231 3259 1247 3292 .

331 3504 394 3549 taor
416 3500 534 3548 lumbris.
556 3499 570 3568 Η
596 3505 661 3550 luris
682 3500 719 3549 Ne
739 3497 752 3568 Η
776 3501 842 3548 Ιῖῖδ
862 3485 1032 3563 grariduquc.
1053 3496 1066 3566 ΙΙ
1089 3503 1152 3548 1281
1173 3500 1253 3549 moris
1280 3497 1294 3566 ΙΙ
1324 3505 1398 3551 1ἳ82
1419 3519 1460 3550 nos

328 3604 468 3638 omassum.
