3052 5144
603 399 647 462 111

62 569 164 654 perdit
186 569 273 634 enim
296 567 381 650 quod
403 587 468 632 non
490 567 652 651 proprium
675 567 734 631 fuit
755 566 825 632 eius
846 566 879 630 in
902 583 1005 644 aevo,

64 684 214 766 nullaque
236 689 403 767 praeterea
424 681 549 766 perdit,
567 702 661 764 quom
684 681 854 765 expellitur
877 701 977 746 aevo.

99 797 213 862 Dicere
237 817 332 882 porro
356 797 466 862 ooulos
489 797 609 860 nullam
631 815 699 861 rern
721 814 850 860 eernere
873 813 990 880 posse,

22 933 45 978 ro
66 911 117 976 sed
138 931 197 996 per
219 931 277 977 eos
299 911 437 976 animum
460 910 639 976 ottonibus
661 917 806 995 spectare
828 911 983 995 reclusis,

67 1026 259 1110 desiperem,
276 1033 387 1091 oontra
408 1045 481 1089 oum
503 1045 617 1091 sensus
640 1025 727 1090 dioat
748 1044 877 1104 eorum3

22 1161 44 1205 ra
68 1140 184 1223 fulgida
207 1140 396 1224 praesertim
420 1159 491 1204 oum
514 1159 644 1205 eernere
667 1158 765 1223 saepe
789 1139 974 1221 nequimus:

22 1275 44 1319 ιι
67 1275 172 1319 sensus
195 1254 279 1318 enim
302 1253 397 1318 trahit
418 1261 515 1336 atque
536 1256 622 1319 uoles
645 1253 784 1320 detrudit
805 1253 848 1318 ad
871 1254 959 1338 ipsas

22 1389 44 1434 a
66 1369 199 1452 lumina,
217 1367 390 1434 luminibus
412 1370 489 1452 quia
511 1369 604 1434 nobis
626 1369 895 1454 praepediuntur.

69 1485 148 1564 quod
170 1482 297 1548 foribus
318 1503 384 1546 nou
405 1482 459 1546 iit:
477 1503 580 1565 neque
603 1485 706 1561 enim,
723 1483 799 1566 quia
822 1484 978 1548 oernimus
1002 1483 1082 1568 ipsi,

68 1599 142 1663 ostia
163 1598 344 1682 suscipiunt
367 1599 464 1663 ullum
487 1599 612 1664 reclusa
635 1599 799 1664 laborem.

67 1721 229 1797 praeterea
251 1715 278 1778 si
301 1735 358 1798 pro
382 1713 505 1778 foribus
527 1721 599 1778 sunt
621 1715 743 1778 lumina
765 1719 894 1797 nostra,

68 1829 125 1893 iarn
145 1829 253 1912 magis
274 1829 432 1913 exemptis
456 1828 558 1894 ooulis
581 1828 698 1894 debere
722 1827 847 1892 videtur

69 1960 193 2010 eernere
216 1935 267 2010 res
291 1945 416 2008 animus
439 1944 575 2010 sublatis
597 1944 742 2029 postibus
764 1944 864 2028 ipsis.

22 2079 44 2120 :o
107 2059 189 2124 Illud
212 2060 246 2124 in
268 2059 319 2124 his
341 2060 436 2125 rebus
458 2079 663 2142 nequaquam
686 2077 811 2123 sumere
834 2056 960 2142 possis,

73 2175 236 2241 Democriti
259 2175 344 2256 quod
367 2182 478 2240 saneta
499 2174 559 2238 viri
581 2173 741 2238 sententia
762 2173 872 2258 ponit,

75 2291 205 2375 eorporis
228 2297 327 2374 atque
349 2290 447 2354 animi
468 2288 663 2374 primordia,
681 2289 809 2372 singula
831 2287 930 2372 privis

72 2404 232 2488 adposita,
250 2405 384 2470 alternis
405 2406 548 2488 variare,
566 2425 604 2469 ao
624 2409 751 2468 neotere
773 2403 938 2467 membra.

71 2539 137 2582 nam
159 2540 232 2586 oum
253 2521 353 2588 rnulto
377 2526 451 2584 suut
473 2519 631 2584 elementa
653 2519 778 2583 minora
800 2517 920 2580 animai

26 2657 50 2700 rs
71 2657 156 2717 quam
180 2635 296 2718 quibus
320 2655 337 2699 e
360 2655 475 2720 eorpus
497 2635 591 2700 nobis
613 2634 789 2699 etvisoera
812 2637 978 2714 constant,

70 2758 128 2814 tum
150 2769 282 2815 numero
307 2769 433 2832 quoque
455 2749 634 2814 oonoedunt
655 2755 686 2812 et
708 2768 784 2812 rara
806 2766 864 2831 por
884 2755 972 2811 artus

70 2864 177 2930 dissita
198 2872 292 2949 sunt,
310 2865 383 2929 dum
406 2871 516 2942 taxat3
533 2869 568 2928 ut
589 2865 651 2929 hoo
673 2864 856 2947 promittere
879 2863 1004 2946 poesie,

70 2981 217 3060 quantula
240 2981 334 3065 priva
357 2985 475 3062 queant
496 2979 590 3044 nobis
611 2979 729 3044 iniecta
752 2977 836 3043 ciere

71 3113 199 3178 corpora
220 3095 393 3162 sensiferos
415 3100 518 3160 motus
541 3095 573 3158 in
596 3113 751 3178 corpore,
773 3099 862 3157 tanta

22 3225 42 3269 ,o
74 3208 233 3274 intervalla
255 3215 365 3276 tenere
388 3210 521 3276 exordia
543 3209 634 3294 priva
657 3207 799 3272 animai.

75 3341 145 3386 nam
167 3344 270 3407 neque
292 3325 432 3410 pulveris
454 3324 536 3389 inter
558 3325 632 3388 dum
655 3322 810 3388 sentimus
833 3321 1010 3386 adhaesum

75 3456 200 3520 corpore
222 3459 283 3505 neo
305 3439 455 3504 membris
477 3440 639 3517 incussam
662 3437 767 3502 sidere
791 3443 930 3516 oretum,

74 3571 129 3616 neo
150 3555 297 3620 nebulam
321 3559 417 3619 nootu
440 3571 543 3634 neque
566 3554 676 3618 aranei
699 3552 807 3618 tenvia
828 3549 884 3614 fila

75 3667 163 3732 obvia
183 3668 357 3746 sentimus,
374 3666 505 3750 quaudo
530 3667 703 3732 obretimur
725 3673 857 3749 euntes,

22 3796 52 3841 us
74 3799 129 3844 neo
149 3803 262 3867 supero
285 3787 383 3866 eaput
405 3781 549 3848 eiusdem
572 3781 726 3848 oeoidisse
748 3781 867 3846 vietam

74 3903 183 3962 vestem
196 3948 204 3976 ‚
219 3917 280 3963 noo
301 3897 429 3981 plumas
452 3897 558 3961 avium
580 3915 771 3982 papposque
792 3893 951 3972 volantis,

77 4075 265 4088 ¹···-——-—--

78 4195 125 4242 357
144 4197 212 4248 Perdi
233 4196 248 4266 ΙΙ
269 4200 318 4248 358
338 4199 470 4262 Multaque
490 4197 504 4267 ΙΙ
524 4199 650 4264 perditum
669 4198 804 4264 expellitur
821 4211 884 4246 aevo
904 4209 995 4257 qunrn.
1017 4191 1030 4260 Η
1051 4197 1100 4243 361
1115 4193 1190 4242 Dilli-

79 4279 145 4330 cilest
162 4281 174 4352 ΙΙ
193 4287 270 4334 ducat
290 4286 303 4352 Η
324 4287 374 4336 365
395 4299 445 4348 qua
465 4283 478 4354 Η
499 4289 548 4336 3⁷2
569 4287 673 4350 primis.
695 4282 708 4352 ΙΙ
729 4288 779 4334 374
794 4285 895 4334 animae
909 4283 1033 4334 elementa
1045 4281 1160 4331 minora.
1175 4277 1190 4350 ΙΙ

81 4368 128 4418 3ῖὸ
144 4372 221 4436 primu
241 4369 254 4440 ll
275 4375 326 4423 380
344 4373 427 4438 prima
447 4369 460 4440 Η
481 4375 531 4423 383
550 4373 622 4422 urani
642 4373 737 4422 tenulla
