3020 5146
357 433 416 497 108
893 429 943 494 lll

305 593 312 604 ’
354 602 495 683 frigore,
511 621 582 666 oum
604 593 728 666 summo
750 601 849 685 gelidi
873 601 968 666 cubat
988 619 1129 682 aequore
1152 599 1243 677 sexi,
1293 643 1300 656 ·

354 715 504 798 urgerive
526 735 665 799 superne
689 717 838 782 obtritum
863 715 1003 799 pondere
1025 721 1149 780 terrac.

394 826 475 894 ‘lam
498 830 562 893 iam
586 851 649 894 nou
673 828 786 894 domus
809 829 944 914 accipiet
964 835 997 894 te
1019 830 1126 907 laeta,
1143 849 1250 912 neque
1272 849 1351 894 uxor

282 967 332 1014 999
354 915 480 1029 ¹optima
502 963 561 1008 uec
583 943 694 1010 dulces
716 950 882 1010 occurrent
904 945 1017 1010 oscula
1038 945 1104 1010 uati

356 1059 540 1145 praeripere
563 1065 596 1124 ct
616 1059 716 1124 tacita
738 1065 850 1142 pectus
873 1059 1041 1126 dulcedine
1062 1064 1215 1141 tangent.

356 1194 421 1239 non
443 1173 565 1256 poteris
587 1171 680 1238 laetis
704 1173 890 1238 florentibus
913 1193 1003 1256 esse,
1021 1173 1147 1256 tuisque

356 1287 570 1373 praesidium.
587 1287 705 1352 misero
728 1283 855 1354 misere'
881 1288 971 1352 aiunt
988 1282 1109 1354 ‘omnia
1130 1289 1252 1354 ademit

354 1421 419 1467 una
441 1401 511 1467 dies
533 1400 653 1467 infesta
675 1402 731 1466 tibi
754 1409 800 1467 tot
822 1403 966 1486 praemia
987 1403 1071 1468 vitae
1084 1399 1100 1468 .'

281 1539 331 1586 900
357 1515 491 1580 illudio
514 1515 562 1581 bis
586 1517 682 1582 rebus
705 1537 769 1581 nou
793 1516 936 1595 addunt,
955 1513 1029 1583 ‘uec
1051 1517 1110 1584 tibi
1131 1539 1240 1584 earum

356 1632 418 1695 iarn
442 1629 635 1696 desiderium
659 1651 762 1696 rerum
784 1651 879 1715 super
900 1633 1017 1697 insidet
1038 1629 1131 1698 uua?

356 1745 441 1828 quod
465 1747 547 1810 beue
571 1745 598 1810 si
620 1744 750 1810 videant
772 1745 877 1810 animo
900 1747 1058 1831 dictisque
1081 1755 1277 1830 sequantur,

355 1860 534 1926 dissoluant
556 1859 654 1926 animi
678 1879 795 1941 magno
818 1879 854 1926 se
876 1881 997 1943 angore
1020 1869 1190 1945 metuque.

356 1983 389 2039 tu
412 1975 539 2056 quidem
563 1981 596 2038 ut
618 1993 654 2040 99
676 1975 738 2040 1990
761 1975 904 2058 sopitus,
920 1975 968 2042 sic
990 1978 1053 2042 eris
1075 1977 1148 2042 aevi

280 2111 329 2157 909
356 2089 442 2171 quod
466 2110 561 2173 super
584 2098 632 2155 999
654 2090 775 2156 cunctis
797 2090 932 2175 privatu’
956 2089 1122 2158 doloribus
1143 2092 1272 2174 aegris:

355 2209 388 2267 at
411 2225 469 2268 nos
493 2205 636 2268 horrifico
660 2203 851 2270 cinefactum
874 2212 906 2271 99
929 2227 1031 2290 prope
1052 2207 1145 2272 busto

354 2318 576 2383 insatiabiliter
598 2319 805 2404 deflevimus,
822 2325 1050 2402 aeternumque

353 2433 443 2498 nulla
466 2433 535 2500 dies
557 2434 650 2499 nobis
672 2453 843 2500 memorem
867 2453 885 2500 e
908 2441 1035 2518 pectore
1057 2435 1183 2502 demet.

355 2548 434 2612 illud
456 2549 497 2612 ab
521 2548 581 2614 hoo
604 2549 700 2630 igitur
722 2549 937 2630 quaerendum
960 2557 1028 2627 999,
1045 2551 1121 2634 quid
1144 2551 1185 2616 999
1207 2552 1306 2616 amari

281 2685 331 2731 990
355 2670 442 2728 tauto
467 2681 584 2746 opere,
602 2663 644 2728 ad
666 2683 810 2729 somnum
834 2665 860 2728 99
884 2683 936 2730 999
959 2664 1042 2730 redit
1063 2671 1161 2748 atque
1184 2665 1346 2750 quietem,

356 2799 411 2842 cur
434 2777 601 2860 quisquam
624 2785 755 2844 aeterno
779 2779 880 2863 possit
902 2780 1066 2846 tabescere
1089 2782 1193 2846 luctu.

399 2895 468 2958 Hoc
491 2893 585 2957 etiam
608 2893 729 2958 faciunt
750 2893 804 2958 ubi
828 2892 1018 2960 discubuere
1040 2901 1212 2978 tenentque

355 3011 471 3095 pocula
493 3028 591 3093 saepe
613 3007 759 3074 homiues
782 3013 813 3072 99
835 3008 1018 3076 inumbrant
1041 3010 1266 3095 benemoria,

358 3145 397 3190 ex
421 3125 526 3190 animo
550 3129 584 3187 ut
606 3122 713 3188 dicant
732 3117 853 3188 ‘brevis
874 3123 928 3188 hic
950 3130 1000 3190 999
1019 3125 1139 3192 fructus
1160 3124 1330 3192 homullis:

284 3263 333 3309 oro
360 3241 421 3304 iam
446 3237 561 3321 fuerit,
579 3255 681 3317 neque
704 3243 777 3320 post
799 3257 949 3321 umquem
974 3259 1127 3306 revocare
1149 3241 1257 3306 licebit
1269 3237 1286 3304 .'

354 3360 418 3417 tam
443 3372 539 3434 quam
561 3351 594 3414 999
617 3357 720 3416 morte
741 3353 818 3416 ruali
842 3371 912 3418 cum
936 3354 1048 3438 primis
1071 3356 1132 3422 boo
1153 3357 1195 3422 sit
1216 3375 1347 3440 eorum,

356 3466 442 3550 quod
466 3466 533 3530 sitis
557 3471 668 3532 exurat
690 3467 823 3532 miseros
847 3473 945 3550 atque
967 3469 1060 3536 arida
1082 3477 1205 3555 909999,
1289 3509 1294 3520 ·

355 3589 409 3646 aut
431 3581 516 3646 aliae
540 3581 629 3647 cuius
652 3580 844 3646 desiderium
868 3582 1007 3650 insideat
1028 3583 1096 3651 rei.

356 3715 415 3762 999
437 3695 498 3762 sibi
523 3695 607 3760 euim
631 3695 800 3778 quisquam
823 3703 888 3762 tum
913 3718 947 3762 se
968 3699 1132 3782 vitamque
1154 3699 1308 3784 requirit,

282 3832 332 3878 oro
357 3832 426 3876 cum
451 3811 570 3896 pariter
594 3829 684 3876 mens
707 3819 738 3878 99
760 3832 877 3896 corpus
898 3813 1004 3898 sopita
1025 3814 1213 3896 quiescunt:

355 3945 429 3990 uam
453 3926 527 3990 licet
549 3931 710 3990 aeteruum
734 3947 791 4011 per
812 3947 873 3994 nos
895 3927 941 3994 sic
964 3947 1037 3994 esse
1060 3948 1227 4016 soporem,

357 4059 416 4104 nec
439 4037 631 4104 desiderium
654 4041 754 4106 nostri
777 4061 838 4108 9999
860 4039 969 4106 adficit
991 4040 1111 4126 ullump

341 4311 411 4374 ,893
431 4307 548 4357 obrutum
574 4305 587 4374 Η
613 4309 663 4356 894
682 4309 733 4358 Am
758 4305 771 4374 ΙΙ
796 4311 845 4358 897
867 4307 927 4358 factu·
952 4304 966 4376 Η
991 4310 1040 4358 902
1061 4310 1119 4372 Quo
1144 4307 1157 4376 ΙΙ
1182 4312 1232 4361 909
1252 4313 1332 4364 ciuem
1350 4309 1428 4359 dotum

362 4399 411 4448 908
431 4406 455 4448 99
476 4393 489 4464 ll
510 4398 560 4446 910
580 4411 606 4446 99
627 4391 640 4463 ll
661 4399 711 4446 914
726 4395 816 4446 fluctus
836 4393 850 4463 ΙΙ
871 4398 920 4446 illi
941 4403 1035 4447 torret.
1057 4395 1069 4463 l}
1091 4399 1140 4446 919
1155 4399 1283 4462 requiret.
1304 4399 1317 4468 ΙΙ
1337 4385 1451 4452 922991οῐ
