3052 5144
592 462 606 525 1

52 651 103 695 neo
123 651 169 696 res
191 631 255 695 ulla
277 631 344 714 geri
367 630 427 696 sub
450 631 532 706 eseli
554 631 695 713 tegmine
717 639 846 716 posset,
876 683 884 696 .

51 765 103 810 nso
122 745 200 810 soret
222 746 348 842 omniuo
371 745 497 812 eaelum
519 767 622 828 neque
643 746 763 812 lumina
785 747 882 828 soiis;

7 879 31 922 so
53 861 157 946 quippe
177 861 230 925 ubi
251 862 400 926 materies
424 862 527 926 omnis
550 862 708 926 cumulata
732 861 853 926 iaceret

52 995 86 1039 ex
105 975 220 1041 infinito
242 975 306 1039 iarn
329 982 473 1060 temporo
495 974 714 1040 subsidendo.

51 1097 79 1153 at
98 1111 192 1166 nuno,
208 1091 240 1154 ni
262 1090 540 1173 initum‚1·equies
562 1089 638 1156 data
659 1088 888 1174 principiorum

52 1205 219 1288 corporibus
240 1205 381 1282 nullast,
399 1205 475 1287 quia
497 1206 540 1270 nil
562 1212 611 1272 est
632 1203 772 1270 funditus
793 1205 911 1280 imum,

53 1339 105 1398 quo
126 1321 212 1402 quasi
235 1319 395 1386 confluere
416 1327 449 1385 et
470 1321 564 1386 sedes
587 1320 642 1385 ubi
664 1340 784 1405 ponere
810 1321 955 1404 possint.

5 1451 30 1498 ss
51 1451 163 1517 semper
184 1435 215 1498 in
237 1434 373 1500 adsiduo
396 1441 483 1501 motu
507 1456 567 1502 res
583 1455 728 1518 quaeque
750 1441 905 1520 geruntur

4 1585 6 1592 ι
50 1549 177 1630 partibus
198 1570 215 1614 e
237 1551 382 1626 eunctis,
398 1557 595 1634 aeternaque
617 1549 859 1635 suppeditantur

50 1681 84 1726 ex
103 1663 216 1730 infinito
239 1665 304 1730 oita
326 1684 462 1748 corpora
483 1665 647 1730 materiai.

86 1777 239 1844 Postremo
263 1785 340 1844 ante
363 1779 473 1844 oeulos
495 1799 548 1845 res
569 1800 634 1846 rem
658 1778 748 1844 finire
770 1777 915 1844 videtur:

53 1899 100 1954 atr
119 1893 269 1979 dissaepit
292 1894 384 1959 oollis
405 1901 502 1975 atque
525 1903 603 1960 atra
629 1899 773 1977 montes,

4 2013 122 2070 irootsrra
141 2029 224 2072 mare
247 2016 279 2075 et
302 2016 413 2074 eontra
435 2029 523 2074 mare
545 2014 647 2076 terras
668 2009 816 2074 terminat
838 2007 962 2074 omnis:

55 2141 132 2185 omno
152 2123 277 2204 qttidem
302 2143 377 2190 vero
400 2124 445 2188 nii
467 2129 518 2190 est
540 2124 624 2206 quod
647 2123 738 2188 finiat
759 2129 869 2188 extra.

56 2243 94 2298 est
110 2235 197 2318 igitur
220 2245 335 2302 natura
356 2237 420 2304 looi
442 2240 644 2323 spatiumque
665 2237 838 2320 profundi,

56 2349 125 2426 quod
145 2371 244 2433 neque
268 2351 357 2417 niara
379 2369 436 2418 suo
459 2373 643 2438 percurrere
666 2353 800 2419 fulmina
826 2375 919 2418 eursu

53 2471 185 2546 perpetuo
207 2467 334 2551 possint
355 2468 427 2532 aevi
450 2468 591 2534 labentia
615 2475 717 2534 traotu

4 2591 40 2637 uo
53 2593 103 2641 neo
122 2599 258 2661 prorsum
283 2581 390 2647 faeere
414 2589 447 2646 ut
469 2588 566 2648 restet
587 2583 691 2648 minus
712 2583 759 2650 ire
782 2585 939 2650 nteando:

52 2696 237 2771 usqueadeo
261 2695 381 2779 passim
404 2701 494 2780 patet
516 2697 631 2778 iugens
654 2699 747 2783 eopia
768 2699 885 2782 rebus,

53 2802 151 2872 tinibus
172 2809 350 2893 exemptis,
366 2809 397 2874 in
421 2817 552 2876 cunetas
574 2812 714 2894 undique
734 2815 853 2898 partis.

51 2916 111 2999 ipsa
131 2923 253 2988 modum
277 2945 372 3006 porro
396 2924 458 2990 sibi
480 2902 582 2990 rerum
605 2946 729 2992 summa
751 2947 865 3010 parare

52 3052 85 3096 ue
104 3037 216 3118 possit,
235 3044 353 3102 natura
373 3046 480 3117 tenet,
497 3059 580 3120 quae
603 3059 720 3124 eorpus
742 3041 830 3106 inani
869 3070 875 3082 ·

4 3151 78 3208 iuret
97 3149 174 3230 quod
197 3153 295 3216 inane
318 3159 424 3218 autom
447 3159 497 3218 est
519 3153 601 3218 finiri
624 3174 759 3239 oorporo
781 3156 884 3238 cogit,

52 3269 79 3322 ut
98 3263 139 3328 sic
159 3266 290 3332 alternis
312 3265 435 3330 infinita
458 3267 566 3332 omnia
591 3267 724 3332 reddat.

52 3379 206 3443 autetiam
230 3381 436 3464 alterutrum,
455 3381 516 3446 uisi
538 3382 686 3450 terminet
707 3383 861 3461 alterurn,
885 3403 992 3448 eorum

548 3541 568 3581 u

53 3718 181 3802 simplius
202 3731 317 3790 natura
338 3732 448 3810 pateat
469 3733 576 3792 tamen
602 3725 853 3811 inmoderatum,

53 3849 103 3896 uec
122 3857 207 3903 ruere
230 3857 289 3906 neo
311 3839 407 3906 tellus
429 3858 533 3921 neque
556 3840 639 3906 caeli
662 3841 768 3906 lueida
789 3842 907 3926 templa

4 3959 40 4002 un
54 3963 104 4010 nec
124 3953 254 4018 mortale
277 3972 379 4036 genus
403 3973 460 4020 neo
482 3954 589 4018 divum
614 3973 747 4036 corpora
770 3963 883 4022 saneta

54 4059 190 4142 exiguum
211 4073 342 4151 possent
364 4067 452 4132 horai
475 4067 587 4133 sistere
607 4074 752 4151 tempus:

56 4221 239 4242 Ἂ-

60 4323 101 4372 uas
118 4331 195 4381 nullas
214 4329 228 4400 Η
247 4335 299 4383 994
316 4333 412 4396 possit.
438 4329 452 4400 ΙΙ
477 4335 525 4382 900
546 4349 560 4380 e
578 4333 718 4384 omissum.
740 4329 753 4402 ΙΙ
773 4335 922 4398 intentaque
946 4333 960 4406 il
985 4339 1051 4386 1008
1070 4336 1128 4400 Ipso
1148 4333 1162 4402 ΙΙ

63 4411 117 4460 lint
135 4416 223 4467 inune.

917 4516 964 4586 3*
