3052 5150
309 388 371 454 174
839 387 888 453 111

306 557 384 626 milri
406 558 524 625 rectius
538 557 666 624 videtur
681 556 806 624 duabus
822 563 945 624 tautum
960 535 1110 625 litterulis
1125 559 1251 625 mutatis
1271 559 1397 624 scribae

306 664 341 729 s'a
360 685 463 750 parco
485 681 699 726 nrucuurua
721 673 857 748 tempore
879 683 966 725 rnnr
990 715 997 730 .
1021 661 1068 728 tta
1090 661 1250 745 Vergilius
1271 661 1398 728 Aleae

307 766 450 852 linquere
461 765 552 851 ferio
572 811 580 848 ,
603 769 635 829 et
657 761 793 829 Ovidius
816 763 876 830 lato
894 787 1076 850 poenaeque
1096 765 1248 830 relectas.
1268 783 1324 829 uec
1342 764 1403 827 tabi
1495 827 1496 852 ,

306 866 409 935 dandi
431 885 509 933 casu
530 866 713 932 Lucretium
740 886 833 933 usum
860 885 932 932 esse
954 865 1142 932 incredibile
1165 873 1233 951 est,
1257 885 1324 932 cum
1342 884 1400 931 non
1495 867 1496 930 l

305 970 405 1035 multo
426 977 502 1056 post
524 970 593 1035 eius
616 969 738 1035 obitum
754 969 888 1036 Helvius
904 969 1007 1036 Cinna
1021 970 1172 1053 genetivo
1195 970 1274 1034 taba
1295 967 1403 1033 dixerit

306 1078 338 1138 et
353 1071 508 1138 Messalla
520 1069 680 1138 corvinus
703 1076 802 1139 tabem
825 1073 1009 1138 accusativo
1026 1121 1034 1137 .
1050 1092 1125 1138 nam
1138 1071 1260 1138 Cinnae
1274 1071 1403 1157 Zmyrna

305 1193 422 1241 novem
444 1175 538 1240 anuis
554 1173 697 1259 perlecta
713 1173 839 1240 Catullo
855 1175 985 1242 vivente
1000 1174 1089 1245 edita
1102 1181 1171 1258 est,
1189 1175 1250 1240 hoo
1271 1181 1318 1240 est
1337 1179 1402 1238 ante

305 1296 425 1342 annum
448 1277 489 1344 ab
505 1277 585 1344 urbe
600 1277 731 1344 condita
745 1277 979 1345 Varroniannm
1003 1279 1064 1346 108
1077 1299 1085 1342 :
1101 1277 1178 1343 vide
1193 1275 1404 1361 Hauptiumin

306 1379 495 1446 Catullianis
507 1379 750 1464 quaestionibus
762 1399 794 1463 p.
810 1379 848 1445 15
862 1401 870 1444 ε
882 1386 915 1445 ct
926 1379 1111 1446 Messallam
1123 1381 1212 1446 eirca
1223 1399 1338 1445 annum
1348 1379 1403 1444 615

304 1489 414 1547 natum
442 1501 514 1548 esse
542 1480 638 1547 docui
664 1481 698 1546 iu
724 1481 848 1547 diurnis
878 1481 1043 1549 litterariis
1066 1483 1283 1567 Helensibus,
1304 1499 1404 1548 meuse

306 1584 398 1650 Iunio
422 1584 498 1650 anui
524 1583 605 1651 1836
627 1603 658 1669 p.
675 1585 738 1651 266
753 1633 760 1648 .
777 1590 917 1650 ceteram
933 1605 997 1650 non
1014 1585 1172 1651 dissimile
1187 1592 1238 1652 est
1253 1583 1338 1670 quod
1350 1584 1403 1649 le·
1495 1609 1496 1654 3

305 1688 425 1752 tentius
447 1693 601 1770 quantum
623 1687 691 1753 scio
714 1687 803 1753 solus
823 1686 906 1752 dixit
924 1690 1018 1774 preci
1036 1689 1069 1753 in
1086 1686 1213 1753 Andria
1228 1685 1365 1774 ιιι,4,12
1378 1690 1405 1751 et

305 1789 340 1854 in
363 1789 557 1855 Phormione
571 1789 661 1874 rrr‚3,
677 1789 735 1854 14.
751 1787 810 1855 sed
832 1792 941 1876 epona·
960 1790 1138 1857 Varronem
1159 1801 1227 1856 non
1249 1789 1404 1875 scripsisse
1495 1861 1496 1890 ¹

305 1891 433 1958 ostendi
455 1892 488 1956 iu
513 1911 624 1958 museo
646 1890 801 1958 Rhenano
824 1913 868 1976 vr,
891 1913 922 1978 p.
941 1893 1027 1959 115.

389 1995 463 2062 555.
487 1995 583 2060 Esau
606 2013 790 2080 maturuere,
813 2016 938 2060 rnnrua
961 2016 1075 2067 Qunsr
1098 2015 1201 2066 ouon
1226 2013 1337 2060 vassa
1357 2013 1404 2056 ιι-

304 2118 429 2162 aaron
446 2147 453 2162 .
471 2097 654 2178 Quadratus
675 2123 750 2164 oasa
772 2097 896 2164 videtur
912 2146 919 2161 .
937 2096 1012 2163 Itali
1034 2105 1161 2165 veteres
1184 2105 1218 2164 et
1240 2095 1404 2164 Brixieusis

304 2201 404 2268 editio
426 2221 577 2266 mourun
601 2207 633 2267 et
655 2221 723 2266 vas
745 2221 856 2265 ussa.

392 2303 467 2370 563.
490 2324 665 2369 avonaus
685 2325 889 2368 almannus
906 2351 914 2368 .
930 2303 1115 2370 Lactantius
1136 2303 1221 2370 libro
1243 2325 1297 2388 vu,
1313 2301 1405 2386 1220

305 2405 490 2473 eucratio
513 2405 602 2474 dicat
623 2407 752 2491 coelae,
769 2409 892 2494 rapuit,
905 2407 1036 2474 evulsus
1057 2431 1095 2472 ac
1116 2419 1286 2494 separatae
1307 2430 1327 2470 a
1346 2427 1404 2470 cor·

302 2533 380 2598 porc
402 2510 485 2576 ailre'l
503 2522 606 2595 pateat
626 2507 733 2576 videre
745 2559 753 2576 .
764 2509 820 2575 ubi
841 2510 944 2576 maior
958 2528 1036 2594 pars
1052 2509 1206 2576 librorum
1222 2507 1319 2576 habat
1332 2503 1404 2573 eool-

305 2635 360 2677 eao
383 2634 557 2698 aoorpore
579 2625 830 2698 coaeparatur.

389 2713 463 2780 564.
486 2713 692 2777 Drerrcnan
716 2735 859 2780 caunos
882 2735 964 2779 raon
981 2763 989 2781 .
1007 2714 1176 2797 Oblongus
1191 2715 1298 2780 oculos
1312 2709 1405 2797 prima

306 2835 403 2881 manu
419 2864 427 2880 .
446 2813 603 2882 Marullus
623 2837 706 2880 rnen
729 2837 893 2902 aconas,
917 2819 1026 2904 itaque
1049 2822 1124 2883 ante
1147 2835 1222 2882 eum
1245 2815 1336 2883 ltali.

389 2919 572 2989 blidenum
586 2939 704 2983 vauls
719 2939 763 2982 nr
778 2940 937 2984 vrscnrta
952 2939 1061 2982 mrxrr
1074 2967 1082 2984 .
1095 2917 1279 2998 Quadratus
1293 2915 1403 2992 meato,

305 3020 362 3088 sed
389 3020 495 3106 prima
522 3039 620 3086 manu
647 3021 767 3088 lactum
788 3023 906 3088 arati.
927 3017 1000 3086 itali
1028 3021 1106 3108 qaia
1126 3042 1197 3084 rna
1218 3041 1335 3088 aenas:
1353 3037 1405 3103 per

304 3148 400 3192 occas
422 3130 455 3190 et
474 3144 615 3187 ιιιιιιιιι
638 3123 714 3189 olim
738 3123 909 3209 impressi.

389 3226 464 3292 571.
486 3225 604 3292 linars
624 3247 722 3291 neor
738 3246 903 3291 roosuur
923 3247 1014 3292 eosr
1028 3216 1181 3292 moarntt
1197 3245 1332 3289 nrncrs
1346 3241 1404 3286 uo·

305 3349 424 3396 veen.
446 3328 545 3394 Herse
567 3329 726 3413 oblongus
747 3329 854 3414 prima
875 3349 974 3396 manu
989 3378 997 3396 .
1013 3335 1088 3396 tunc
1110 3328 1196 3395 idem
1219 3327 1314 3410 aaut,
1336 3340 1403 3408 qua·

305 3430 417 3497 dratas
439 3443 474 3496 at
489 3480 496 3495 .
512 3453 659 3496 movear
682 3431 860 3498 Lambinus
882 3437 989 3515 recte,
1005 3429 1084 3516 sed,
1101 3432 1130 3497 si
1146 3430 1322 3512 Forbigero
1343 3443 1402 3492 cre·

305 3533 426 3617 dimus,
450 3539 562 3600 contra
583 3533 791 3602 ‘constantem
814 3534 882 3602 lere
906 3533 1047 3600 Lucretii
1070 3529 1355 3600 consuetudinem.’

389 3636 735 3704 medonensem
749 3657 874 3708 eruas
889 3657 1036 3701 turmam
1051 3655 1163 3700 saara
1178 3655 1270 3719 nnn,
1294 3655 1326 3696 ar
1347 3647 1402 3694 co·

305 3761 444 3804 aranea
459 3739 554 3806 Susa
569 3760 690 3804 nurus
705 3759 828 3812 traua
844 3761 881 3803 ιιι
896 3739 964 3803 noe
987 3758 1148 3802 rornurr
1168 3748 1402 3802 corundunam

305 3862 455 3906 morus.
478 3841 647 3924 Oblongus
670 3843 716 3908 eo'c
735 3843 895 3926 collidere,
919 3841 1097 3924 quadratus
1118 3841 1198 3906 Eece
1220 3841 1328 3905 auimo
1348 3833 1402 3899 .iss

306 3945 414 4030 priore
435 3943 577 4010 membro
601 3943 741 4011 futuram
762 3951 889 4030 tempus
905 3944 1023 4026 requiri
1039 3943 1224 4026 Naugerius
1240 3939 1339 4024 vidit,
1354 3931 1402 4020 qui

305 4047 435 4132 scripsit
457 4067 568 4133 narr,
592 4055 768 4114 ceterorum
791 4053 898 4114 autem
921 4045 1004 4112 nihil
1026 4045 1185 4112 intellexit
1208 4095 1215 4108 .
1238 4039 1402 4110 Lentim

305 4148 387 4216 boue
409 4149 531 4236 Oorpue
553 4151 635 4216 caim
658 4163 751 4238 atque
773 4169 941 4214 auratus
963 4149 1023 4216 erit
1043 4158 1099 4213 ai'r
1123 4197 1130 4212 .
1153 4147 1289 4213 alterum
1316 4159 1402 4209 menr-

305 4253 419 4335 brum,
441 4271 639 4336 quamquam
661 4273 713 4320 res
735 4257 937 4340 aperierat,
954 4247 1328 4318 Wakefieldnscorrexit
1346 4241 1401 4329 prl-

304 4374 376 4422 mus
399 4352 460 4420 hoo
480 4354 597 4438 modo,
620 4357 653 4420 ai
671 4356 811 4422 colatiora
833 4356 874 4421 Im
896 4377 929 4421 oe
951 4373 1096 4418 aurunt
1116 4363 1211 4439 atque
1231 4353 1267 4418 ia
1288 4371 1336 4416 eoa
1353 4365 1400 4431 po

305 4460 377 4526 terit
391 4456 574 4524 coacladcre
588 4469 689 4522 motae
700 4505 710 4540 ‚
726 4458 810 4538 ana
825 4470 897 4523 uate
911 4459 947 4524 o'a
960 4458 1067 4524 aercae
1090 4467 1118 4521 et
1138 4456 1173 4520 ia
1194 4455 1264 4541 ipso
1284 4465 1400 4534 corpore

305 4562 442 4647 apolon
469 4578 544 4624 mox
573 4559 642 4644 ipae
673 4559 759 4660 mira
781 4558 892 4624 iudicii
915 4556 1080 4625 debilitate
1102 4555 1186 4622 hanc
1207 4553 1396 4622 verissimam
