3110 5146
326 349 390 416 314
867 349 895 416 V

326 545 400 610 erpo
409 518 569 587 videbitur
580 522 692 607 cuique
702 521 829 604 verius,
845 545 880 588 eo
891 533 999 588 utetur
1012 569 1020 587 .
1031 520 1108 588 item
1119 520 1239 588 Paulus
1249 522 1325 588 mire
1336 570 1344 606 ‚
1354 542 1419 606 per-

326 622 436 708 tieipie
450 641 528 689 usus
545 621 578 688 in
601 621 809 707 eondieioue,
825 623 859 688 in
880 623 932 689 1.1
956 623 996 688 D.
1011 622 1054 690 de
1069 623 1185 692 divort.
1200 624 1319 712 ursei
1338 625 1420 690 Dim‘-

324 727 422 791 ms‘tm·
442 725 677 792 matrimonium
704 724 839 792 divortii>
867 739 966 792 morte
994 729 1174 814 captivitate
1199 727 1251 794 vel
1275 727 1339 794 alia
1358 749 1420 792 em·
1468 717 1473 730 ⁸

324 829 461 915 tingente
485 828 632 894 servs'tmte
660 829 764 894 mrim
780 851 918 900 ,comunt
939 829 1008 896 vult
1034 830 1120 897 euim
1146 829 1254 896 dieere
1279 830 1311 896 εἰ
1327 829 1422 896 etrier

325 953 431 996 eorum
452 931 616 1016 eemts'pm't
637 931 792 996 ramere.
808 929 894 1029 quod
920 931 1022 1017 siquis
1049 935 1133 999 mter
1153 945 1245 998 utras
1270 933 1315 1000 iu
1334 931 1421 996 iuter·

324 1030 502 1116 pretebitur
523 1037 559 1098 ut
581 1031 667 1098 diest
688 1049 761 1098 esse
783 1045 957 1120 utraeque,
980 1033 1123 1102 errabit.
1147 1035 1208 1101 hoe
1229 1035 1315 1102 euim
1334 1031 1422 1100 mode
1532 1041 1533 1088 3

324 1154 389 1200 non
400 1140 547 1219 veteres,
563 1140 600 1200 ut
610 1133 875 1202 Drakenborehio
887 1136 931 1204 ed
942 1136 1027 1204 Livii
1038 1157 1126 1221 xxvr,
1138 1137 1190 1222 39,
1202 1137 1245 1204 23
1260 1137 1422 1218 visumst,
1532 1147 1533 1168 *

324 1237 421 1305 ieeuti
443 1242 538 1322 sunt,
553 1235 612 1304 sed
634 1241 690 1304 eut
704 1237 899 1304 reeentieres
921 1243 978 1305 eut
1000 1258 1116 1306 nemo.
1132 1239 1243 1326 itaque
1258 1238 1374 1306 Paulus
1393 1235 1424 1302 ir

322 1339 399 1407 134
419 1335 523 1426 pr.'D.
540 1339 581 1406 de
597 1359 627 1404 ο.
649 1345 683 1405 et
695 1360 726 1408 a
740 1341 856 1424 xuni
873 1340 1042 1426 scripsisse
1057 1341 1202 1410 fertur-e
1214 1341 1287 1410 ideo
1298 1351 1421 1428 pereum

323 1455 415 1508 esrae
429 1455 620 1530 omnpemre:
634 1462 728 1510 nemo
751 1441 853 1510 eredit
866 1443 1021 1510 Varronis
1036 1462 1109 1510 esse
1130 1443 1173 1510 de
1187 1445 1304 1530 lingue
1318 1441 1426 1508 Latine

324 1543 408 1612 libro
425 1565 460 1608 ιι
481 1544 587 1630 petii
609 1547 656 1612 eie
677 1541 752 1612 utra
773 1570 839 1613 esse
864 1545 955 1633 apud
979 1569 1055 1629 nee,
1071 1551 1128 1612 eut
1148 1545 1255 1614 Vellei
1276 1543 1424 1612 Petereuli
1532 1575 1533 1596 ι

322 1647 460 1714 alienun
481 1649 586 1712 utrius
608 1647 732 1714 oedime
753 1649 894 1716 virerum
916 1648 951 1714 iu
971 1648 1128 1733 resse.
1151 1647 1210 1716 sed
1232 1645 1425 1714 iuLueretie
1532 1735 1533 1750 χ

321 1749 420 1817 nullis
443 1769 526 1836 opus
541 1755 591 1816 est
609 1750 827 1835 ambagibust
849 1751 955 1836 ipsum
971 1749 1056 1816 enirn
1077 1750 1159 1817 illud
1174 1749 1364 1817 femininum
1376 1767 1424 1815 re

305 1841 309 1848 ⁴
323 1852 510 1920 eebulorum
525 1871 628 1936 genus
640 1853 692 1918 hie
703 1852 816 1920 vitium
830 1872 902 1920 esee
914 1852 1057 1924 ostendit
1070 1875 1077 1918 :
1092 1865 1227 1918 maturae
1242 1853 1330 1920 enim
1344 1865 1426 1918 esrae

322 1963 355 2023 et
369 1970 518 2022 emeram
532 1968 698 2042 meamque
713 1956 913 2044 extrinseeus
935 1955 1056 2034 inferre
1069 1953 1275 2022 Wakefieldo
1299 1963 1330 2022 et
1344 1951 1424 2022 Orel-

322 2057 367 2124 lio
390 2058 485 2141 lieet,
500 2077 566 2124 non
588 2077 669 2123 sano
684 2058 873 2142 interpreti.
889 2058 984 2126 uobis
997 2108 1006 2144 ‚
1021 2064 1095 2146 post
1109 2076 1151 2124 eu
1168 2076 1256 2142 quse
1271 2056 1426 2142 disputata

321 2165 395 2226 eunt
416 2158 460 2225 ed
474 2159 591 2228 librum
606 2181 641 2245 rr,
652 2160 736 2244 518,
753 2159 922 2226 ebseurum
937 2180 1010 2228 esse
1031 2179 1097 2226 uon
1111 2165 1219 2246 potest
1240 2163 1370 2244 potitum
1382 2156 1425 2222 di·

321 2280 394 2328 sere
416 2262 648 2350 Androppuum
668 2283 959 2335 ruruuuresous
981 2281 1077 2348 esse,
1101 2261 1162 2330 hoe
1190 2268 1241 2329 est
1269 2261 1304 2328 in
1325 2259 1425 2327 medio

320 2363 427 2449 spatio
450 2383 560 2431 eorum
576 2384 661 2451 quae
684 2365 804 2432 ineius
818 2365 948 2432 nomine
963 2365 1166 2430 eontinentur
1187 2366 1351 2451 pesitum.
1366 2381 1425 2430 res·

319 2473 367 2532 tet
388 2491 444 2534 nee
467 2481 577 2534 mrem
601 2469 693 2552 (num
719 2492 799 2554 que,
816 2467 902 2552 quod
932 2467 982 2534 his
1009 2464 1189 2551 adhaeret,
1211 2466 1425 2548 traieeimus):

319 2567 379 2636 sed
395 2569 572 2638 masculino
587 2589 708 2654 genere
730 2589 812 2655 opus
835 2577 904 2655 est,
918 2593 974 2636 nee
996 2589 1142 2653 ursus,
1158 2568 1220 2636 hoe
1241 2575 1294 2636 est
1315 2582 1344 2636 et
1360 2591 1425 2634 me·

217 2745 226 2764 ·
319 2685 423 2738 emm.
440 2678 491 2739 est
512 2673 597 2739 enim
619 2673 668 2740 eis
689 2692 774 2760 quae
796 2691 896 2758 supra
916 2671 958 2738 de
977 2671 1039 2738 hoe
1059 2671 1250 2758 pronomine
1273 2669 1361 2756 quod
1382 2674 1426 2736 est

319 2788 388 2842 mer
403 2774 544 2844 diximus
565 2775 772 2862 addendum,
788 2795 886 2862 pesse
908 2775 938 2841 ei
960 2799 1060 2862 mque
1074 2774 1238 2860 praemitti
1262 2773 1312 2840 ite
1324 2771 1424 2840 uthis

319 2877 497 2945 eoniunetis
512 2884 545 2946 et
566 2877 753 2946 eoneeteudi
772 2879 823 2947 vis
845 2878 922 2946 insit
936 2883 969 2944 et
990 2875 1132 2960 regendi
1148 2874 1190 2942 de
1211 2881 1368 2962 utroque.
1383 2874 1425 2940 sie

319 2979 389 3066 ipse
411 2981 579 3047 Lueretius
600 2981 636 3048 iu
657 3001 700 3065 rr,
715 2981 796 3049 1217
820 2981 864 3046 Et
889 3004 989 3067 neque
1009 2991 1116 3044 mrum
1137 2981 1304 3066 superauit
1325 2999 1424 3046 eorem

318 3107 374 3148 nee
399 3097 636 3170 superaturus.
660 3083 787 3152 Gellius
815 3083 897 3150 libro
912 3081 980 3166 11,4
1008 3105 1079 3148 eum
1105 3094 1272 3148 aecusator
1303 3095 1332 3148 et
1357 3102 1424 3146 reue

319 3183 475 3264 deseres
497 3185 596 3272 quees'
607 3199 758 3272 eopmeee
778 3186 1022 3272 emiumeteeque
1042 3185 1106 3252 ee‘m
1116 3234 1126 3268 ‚
1142 3207 1242 3274 sueque
1264 3197 1342 3250 utra
1361 3181 1424 3248 eiu

317 3287 420 3356 auem
441 3300 584 3356 eemeere
602 3289 728 3374 poesie.
750 3287 870 3353 Paulus
892 3286 926 3352 iu
947 3285 1106 3352 11321).
1129 3284 1224 3354 dev.
1246 3305 1274 3354 s.
1296 3285 1378 3372 sle
1398 3295 1423 3349 et

317 3389 506 3457 consummo
528 3389 680 3478 loquendi
696 3389 735 3456 s‘d
752 3391 799 3456 s'ta
821 3413 888 3456 esse
902 3387 1044 3456 decurrat
1054 3438 1064 3474 ,
1079 3402 1152 3456 ante
1175 3387 1260 3456 diem
1275 3387 1423 3455 merirum

317 3489 527 3558 kalendarum
538 3541 547 3576 ,
559 3505 634 3579 poet
644 3491 727 3560 diem
738 3491 892 3579 deeimm
903 3489 1137 3558 mundarem.-
1151 3514 1252 3578 neque
1262 3503 1335 3557 uere
1346 3489 1421 3556 emir

316 3616 456 3660 somnone
470 3593 615 3678 umdees'm
637 3595 705 3662 dies
719 3593 961 3680 repnsiieemur.
977 3593 1067 3680 apud
1083 3592 1265 3660 Martialem
1288 3593 1322 3658 iu
1344 3613 1373 3678 v,
1384 3590 1422 3656 30

316 3694 582 3764 Schneidewiuus
604 3697 699 3762 Num
712 3697 790 3763 eies't
811 3719 867 3762 me
881 3709 951 3762 uter
972 3694 1157 3781 eib1'3quod
1172 3695 1202 3760 si
1223 3713 1336 3762 verum
1356 3699 1420 3776 est,

316 3796 568 3880 intellegendum
590 3805 640 3866 est
660 3798 727 3883 ite,
743 3821 782 3864 m
803 3796 954 3864 alteruter
968 3799 1095 3886 quiden
1107 3849 1115 3867 .
1129 3797 1290 3866 Aseeuius
1311 3795 1355 3864 ed
1368 3794 1421 3862 ssi·

253 3933 260 3947 ·
315 3899 481 3966 lonieuum
495 3920 528 3986 p.
539 3899 592 3986 42,
608 3901 648 3967 13
660 3899 744 3966 Bait.
756 3897 815 3966 sed
827 3900 874 3965 ita
884 3903 1020 3967 comittit
1032 3909 1066 3967 'ut
1078 3900 1221 3968 diximus
1230 3949 1240 3984 ‚
1254 3922 1313 3966 mee
1323 3897 1421 3965 ute-ius

317 4001 386 4085 (mee
412 4002 577 4088 mireque
605 4002 692 4087 libri)
719 4001 851 4069 conedae
873 4016 1051 4092 pugnatum
1077 4029 1143 4070 esse
1171 4027 1205 4070 eo
1232 4001 1305 4086 die,
1319 4022 1420 4068 venem

317 4117 345 4170 et
367 4102 463 4187 (libri,
479 4105 523 4185 ei)
541 4106 634 4192 forte
655 4105 829 4172 occurrisse
856 4117 885 4170 et
912 4127 953 4172 em
973 4105 1063 4190 (libri
1085 4130 1126 4173 ee
1148 4105 1200 4192 ee)
1224 4105 1303 4172 esea
1324 4123 1419 4170 serve

315 4229 387 4272 mem
416 4205 541 4272 tamdem
567 4205 613 4272 ed
637 4205 763 4273 eaedem
786 4211 994 4292 perventum.
1016 4205 1166 4292 Hyginus
1200 4205 1241 4272 de
1270 4203 1419 4272 limitibus

316 4327 347 4393 p.
364 4309 434 4392 109,
449 4308 476 4372 1-
489 4306 617 4375 videtur
638 4307 807 4393 resipuisse
829 4321 864 4374 ut
884 4332 984 4395 mque
1004 4309 1044 4374 ab
1066 4321 1138 4376 utro
1154 4331 1337 4396 possessore
1358 4319 1419 4372 een·

313 4422 431 4495 pater:
446 4409 519 4476 libri
541 4423 576 4475 ut
596 4435 635 4477 me
657 4411 696 4476 ab
719 4423 869 4496 utroque.
929 4417 931 4422 '

402 4510 476 4576 841.
498 4510 631 4576 uerri
652 4532 735 4576 sius
757 4532 850 4576 ores.
874 4511 1014 4597 Egregie
1030 4513 1215 4598 Naugerius
1230 4509 1419 4578 Murseim
