3020 5146
541 487 570 550 V

29 679 89 741 quae
110 678 238 740 eumque
261 658 343 722 inter
365 678 400 722 se
422 663 554 742 possent
576 677 749 738 congressa
772 677 902 734 creare,

29 779 168 855 prepterea
188 772 221 835 fit
243 773 288 836 uti
310 791 460 853 magnum
484 771 613 855 volgata
634 789 693 856 per
714 792 827 837 aevom

29 907 97 950 rmne
117 906 215 968 genus
237 891 347 950 noetus
370 891 402 950 et
424 891 528 950 motus
551 883 746 969 experiundo

29 999 130 1064 undem
152 997 344 1064 eonveniant
367 1018 407 1064 ea
429 1019 514 1081 quae
536 1005 690 1064 eonveeta
714 1005 845 1084 repente

29 1133 186 1194 magnarum
209 1133 316 1177 rerum
338 1113 416 1176 fiunt
437 1113 571 1178 exordia
595 1133 740 1198 semper,

29 1227 98 1289 terrai
118 1227 212 1292 maris
235 1233 267 1290 et
290 1227 372 1291 caeli
394 1225 584 1311 generisque
606 1228 822 1292 animantum.

54 1341 101 1405 Hie
119 1361 220 1424 neque
244 1347 311 1404 tum
334 1341 410 1406 sniis
432 1347 504 1405 rota
526 1341 612 1405 eerni
633 1342 754 1407 lumine
776 1343 867 1426 largn

29 1453 165 1520 altivolans
187 1460 316 1539 poterat
337 1473 397 1519 nea
418 1454 527 1537 magni
551 1454 658 1519 sidera
680 1455 789 1520 muudi

29 1587 67 1631 ree
83 1588 162 1633 mare
182 1589 243 1634 nee
266 1569 392 1634 eaelum
415 1587 474 1632 nee
497 1567 637 1650 denique
660 1576 746 1633 terra
767 1587 870 1652 neque
896 1579 951 1636 ae'r

29 1701 74 1745 nee
93 1682 198 1748 similis
220 1683 338 1747 nestris
361 1683 455 1746 rebus
477 1701 530 1746 res
552 1683 618 1747 ulla
639 1682 759 1758 videri,
794 1689 804 1706 '

29 1795 69 1858 sed
89 1817 162 1861 nora
183 1803 360 1882 tempestas
381 1795 539 1878 quaedam
561 1796 727 1879 molesque
750 1806 860 1864 coorta

29 1931 99 1975 nune
119 1932 216 1994 genus
238 1913 280 1977 de
303 1910 487 1994 principiis,
505 1909 665 1975 discordia
687 1931 819 1993 quorum

29 2021 165 2090 intervalla
186 2025 259 2090 vias
283 2043 426 2090 conexus
448 2023 593 2108 pondera
614 2025 730 2110 plagas

30 2155 166 2206 eeueursus
188 2147 297 2204 metus
319 2139 469 2204 turbabat
490 2137 614 2222 proelia
636 2140 792 2224 misnens,

36 2261 126 2335 prepter
146 2255 314 2320 dissimilis
336 2252 457 2318 formas
478 2253 649 2335 variasque
671 2253 789 2336 figuras

33 2367 93 2442 qiud
111 2391 169 2436 nen
192 2369 305 2434 emnia
328 2369 374 2433 sie
396 2373 543 2451 poteraut
565 2367 733 2431 coniuncta
757 2387 886 2434 manere

30 2495 71 2542 ree
88 2491 180 2549 rnntus
201 2485 289 2548 inter
311 2501 382 2548 sese
405 2480 484 2546 dare
507 2480 743 2546 convenientis.

30 2589 150 2677 diffugere
172 2599 249 2663 inde
273 2598 336 2661 loni
358 2603 466 2680 partes
489 2615 642 2680 coepere,
659 2617 815 2680 paresque

30 2723 76 2770 rur
94 2713 216 2792 paribus
239 2711 331 2795 iungi
354 2731 405 2776 res
428 2717 458 2774 et
480 2709 661 2776 discludere
683 2711 835 2776 mundum

30 2825 202 2908 membraque
225 2825 372 2892 dividere
395 2833 426 2892 et
447 2845 585 2906 magnas
607 2825 779 2910 disponere
802 2833 928 2911 partes,

30 2953 68 3000 ree
87 2948 147 3024 est,
163 2961 184 3005 a
206 2941 302 3008 terris
319 2941 422 3006 ‘altum
445 2959 614 3006 secernere
637 2939 783 3016 eaelum,

31 3055 44 3110 t
61 3073 171 3121 sorsum
194 3076 284 3122 mare
306 3057 350 3119 uti
375 3062 498 3121 secreto
520 3075 632 3120 umore
656 3061 799 3139 pateret,

31 3181 125 3234 urrsus
146 3171 218 3236 item
242 3171 315 3256 puri
337 3170 513 3252 secretique
536 3170 675 3236 aetheris
697 3170 809 3254 ignes.

51 3281 161 3368 Quippe
184 3286 303 3351 etenim
327 3285 462 3369 primum
486 3285 583 3350 terrai
606 3263 741 3368 eerpera
764 3303 932 3368 quaeque,

32 3403 166 3479 ›rupterea
188 3399 277 3483 quod
299 3406 391 3464 erant
412 3400 527 3482 gravia
549 3405 580 3463 et
601 3399 778 3484 perplexa,
795 3401 922 3465 eoibant

32 3513 157 3578 rmedin
180 3521 279 3596 atque
303 3514 386 3578 imas
407 3513 577 3598 capiebant
598 3513 707 3580 emnia
730 3513 845 3595 sedes;

32 3641 85 3700 {rrae
105 3637 220 3709 quanto
244 3627 348 3710 magis
370 3627 452 3692 inter
474 3647 508 3692 se
530 3628 685 3712 perplexa
708 3627 857 3708 eoibant,

33 3753 69 3800 am
90 3744 184 3825 magis
206 3761 395 3827 expressere
418 3761 457 3807 ea
480 3761 563 3823 quae
585 3760 674 3807 mare
697 3741 803 3806 sidera
826 3743 926 3808 selem

33 3867 168 3938 unamque
191 3857 357 3922 efficerent
380 3861 412 3922 et
432 3859 540 3940 magni
562 3857 690 3922 moenia
711 3855 840 3922 mundi:

33 3967 108 4033 »unia
129 3971 211 4036 enim
236 3971 340 4054 magis
364 3971 445 4035 haee
468 3989 486 4035 e
508 3970 632 4036 levibus
654 3977 752 4052 atque
773 3973 918 4038 rutundis

131 4155 196 4164 --—-

34 4267 63 4309 r'lt
79 4270 227 4334 ttmnigenua
253 4271 266 4338 ΙΙ
291 4275 342 4321 429
367 4283 490 4323 conventa
516 4271 529 4340 Η
554 4275 605 4322 430
625 4273 704 4321 fluunt
729 4271 742 4342 Η
769 4289 859 4338 saepe.
880 4273 894 4340 ΙΙ
918 4277 966 4322 431
989 4273 1082 4323 Terrae
1108 4272 1121 4340 Η

38 4354 62 4397 33
86 4357 248 4408 altevolans
277 4355 289 4425 Η
318 4361 369 4408 440
394 4359 550 4422 omnigenus
573 4376 587 4410 e
618 4361 629 4426 ¹i
660 4363 708 4408 441
735 4359 777 4408 via
802 4357 818 4430 {1
848 4363 898 4412 tet
923 4360 999 4410 indue
1028 4359 1041 4426 ΙΙ
1072 4362 1121 4410 439

35 4452 98 4502 tegna
118 4445 129 4510 t:
148 4449 196 4495 447
218 4459 291 4496 umor
310 4443 324 4514 Η
344 4449 394 4495 449
415 4455 496 4500 terrae
