2996 5148
357 437 421 504 232
897 429 942 494 VI

325 675 331 686 ,
361 605 522 686 multaque
544 607 711 688 praeterea
732 599 922 683 languentia
943 601 1086 666 menrbra
1108 621 1165 684 per
1185 607 1272 667 artrrs

362 719 489 784 solvunt
509 723 606 798 atque
628 716 767 780 animam
791 714 993 782 labefactant
1015 715 1145 781 sedibus
1166 715 1271 780 intus.

360 832 498 914 deniqne
521 831 548 896 si
573 830 686 896 calidis
709 831 805 894 etiarn
829 838 979 896 cunctare
1002 831 1144 896 lavabris

285 965 336 1012 noo
360 945 484 1030 plenior
506 953 539 1011 et
559 945 700 1022 laveris,
716 945 798 1009 solio
821 941 974 1010 ferventis
996 945 1092 1027 aquai

363 1081 461 1142 quarn
485 1059 581 1125 facile
604 1060 636 1124 in
659 1058 766 1126 medio
789 1057 823 1122 fit
846 1060 890 1123 uti
913 1057 972 1124 des
994 1079 1094 1144 saepe
1116 1057 1247 1134 ruinas,

287 1194 336 1240 roa
362 1174 530 1240 concidere
553 1182 586 1240 et
607 1193 753 1259 spumam
775 1174 884 1255 utqui
908 1174 1019 1238 morbo
1042 1174 1166 1238 mittere
1189 1173 1313 1238 suevit!

286 1308 336 1354 soa
362 1290 603 1370 carbonumque
625 1287 734 1373 gravis
757 1289 805 1352 vis
827 1293 923 1370 atque
947 1288 1027 1353 odor
1049 1287 1230 1354 insinuatur

365 1422 460 1485 quam
484 1403 581 1468 facile
605 1403 637 1468 in
661 1403 846 1480 cerebrum,
862 1403 922 1468 nisi
945 1423 1064 1486 aquam
1087 1401 1312 1487 praecepimus
1335 1401 1418 1466 anui

365 1525 400 1582 at
421 1539 492 1583 cum
515 1517 659 1582 membra
681 1518 795 1582 donrus
818 1519 961 1601 percepit
982 1517 1133 1582 fervidior
1154 1517 1223 1588 vis.

289 1653 339 1700 soa
365 1641 430 1698 turn
454 1633 488 1698 iit
511 1634 591 1698 odor
613 1633 671 1700 viri
695 1633 813 1716 plagae
835 1633 1015 1698 mactabilis
1036 1633 1158 1696 instar.

364 1769 470 1814 nonne
492 1748 584 1814 vides
606 1747 702 1815 etlam
726 1757 811 1815 terra
835 1769 961 1832 quoque
984 1748 1095 1832 sulpur
1116 1748 1150 1812 in
1172 1747 1244 1831 ipsa

365 1863 489 1946 gignier
512 1871 543 1928 et
566 1871 667 1930 taetro
691 1884 898 1932 concrescere
921 1864 1020 1929 odore
1044 1863 1206 1937 bitumen;

365 1978 503 2060 denique
527 1979 580 2044 ubi
603 1981 729 2062 argenti
751 2001 853 2046 renas
876 1979 1008 2062 aurique
1031 1983 1200 2060 secuntur,

364 2094 458 2158 terrai
482 2095 607 2178 penitus
629 2103 808 2160 scrutantes
831 2095 945 2161 abdita
967 2094 1073 2179 ferro,

291 2227 341 2274 aro
366 2209 471 2290 qualis
496 2210 618 2293 expiret
640 2209 852 2295 Scaptensula
873 2210 983 2276 subter
1006 2206 1149 2274 odores?

366 2323 482 2404 quidve
504 2326 581 2390 mali
604 2325 694 2390 litut
716 2325 866 2391 exhalent
888 2331 1002 2392 aurata
1022 2321 1173 2390 metallal

363 2457 449 2522 ¹quas
473 2439 634 2506 bominum
658 2440 796 2507 reddunt
819 2439 917 2506 facies
940 2438 1108 2522 qualisque
1130 2435 1279 2502 colores!

367 2573 473 2620 rronne
496 2556 586 2622 vides
609 2556 742 2622 audisve
765 2556 868 2640 perire
890 2555 922 2622 iu
945 2563 1087 2640 tempore
1110 2571 1207 2637 parvo

370 2691 465 2752 quarn
489 2669 636 2756 soleant,
653 2678 686 2736 et
708 2693 804 2754 quam
827 2671 903 2736 vitai
927 2669 1021 2754 copia
1043 2667 1146 2750 desit,

292 2803 342 2850 ara
368 2805 449 2866 quos
471 2803 569 2868 opere
591 2787 623 2850 in
646 2787 702 2852 tali
726 2786 853 2852 cohibet
873 2785 922 2850 vis
944 2803 1066 2866 magna
1088 2782 1261 2848 necessis?

368 2899 426 2964 bos
450 2899 547 2981 igitur
568 2901 662 2966 tellus
686 2903 788 2966 omnis
811 2907 981 2966 exaestuat
1001 2905 1111 2966 aestus

370 3016 559 3098 expiratque
582 3015 669 3080 foras
691 3017 724 3080 in
747 3023 890 3101 apertum
914 3023 1125 3100 promptaque
1147 3011 1250 3078 caeli.

408 3130 460 3194 Sic
483 3149 522 3194 ca
545 3135 674 3196 Averna
696 3131 769 3196 loca
792 3129 923 3195 alitibus
946 3129 1140 3196 summittere
1162 3127 1284 3193 debent

371 3245 565 3310 mortiferam
589 3245 672 3321 vim,
689 3247 729 3312 de
752 3253 839 3310 terra
861 3263 943 3327 quae
966 3247 1068 3326 surgit
1090 3243 1123 3308 in
1145 3259 1263 3324 auras,

292 3379 343 3426 sao
368 3367 402 3423 ut
424 3360 559 3444 spatium
584 3361 664 3426 caeli
689 3361 824 3443 quadam
849 3361 890 3424 dc
912 3366 1002 3444 parte
1025 3339 1183 3424 venene‘t:

369 3493 430 3553 quo
454 3473 546 3538 simul
569 3495 608 3539 ac
630 3475 765 3558 primurn
788 3475 902 3560 pennis
924 3474 1034 3540 delata
1056 3474 1097 3540 sit
1118 3473 1206 3554 ales,

367 3587 559 3670 impediatur
580 3587 624 3653 ibi
648 3609 744 3654 caeco
768 3594 915 3672 correpta
935 3608 1081 3672 veneno,

369 3709 403 3765 ut
426 3703 522 3768 cadat
543 3723 561 3768 e
584 3703 717 3784 regione
740 3704 822 3786 loci,
840 3722 905 3786 qua
927 3701 1045 3785 derigit
1067 3707 1194 3769 nmina.

370 3837 432 3898 quo
456 3837 527 3882 cunr
550 3818 692 3901 conruit,
710 3816 762 3882 hic
784 3819 899 3883 eadem
923 3819 971 3882 vis
993 3819 1079 3882 illius
1102 3823 1210 3882 aestus

373 4149 422 4196 708
440 4147 595 4196 labefaciant
618 4147 631 4214 Η
660 4152 708 4198 tua
728 4159 845 4200 cunctere
871 4147 884 4218 Η
909 4151 959 4199 800
982 4147 1093 4198 efflueris
1119 4143 1133 4214 Η
1159 4149 1206 4195 801
1235 4147 1265 4195 de
1290 4145 1305 4212 Η
1332 4150 1380 4197 798
1401 4157 1474 4208 punio<

371 4234 413 4296 qni
434 4233 447 4300 Η
468 4237 518 4283 003
538 4237 663 4284 celebrum
689 4235 702 4303 Η
722 4253 789 4299 aquia
808 4239 821 4302 Η
842 4241 892 4286 sot
912 4239 1019 4286 ‹lonrnua
1039 4237 1052 4302 Η
1074 4235 1210 4284 farvidaser
1230 4232 1243 4302 Η
1264 4235 1385 4285 scavini
1405 4231 1417 4297 Η
1434 4233 1472 4278 8⁰¹-²

372 4322 444 4384 ipso.
466 4321 478 4388 Η
499 4325 549 4372 008
568 4333 673 4387 argento
694 4323 707 4390 Η
728 4329 774 4372 811
792 4325 912 4374 metulla.
933 4323 947 4392 Η
968 4325 1018 4372 sta
1037 4321 1126 4372 audire
1145 4323 1384 4394 platononensem.
1404 4317 1416 4386 Η
1433 4319 1473 4366 8¹⁸

374 4421 399 4458 et
418 4411 431 4478 Η
453 4409 533 4458 lrtcanr
554 4411 646 4459 ulitbns
666 4411 678 4476 Η
699 4413 750 4459 020
770 4413 866 4475 pallum
886 4409 899 4480 Η
920 4408 1031 4474 quiedam
