3052 5144
609 389 638 452 11

57 561 224 642 praeterea
248 564 379 623 cunctas
400 557 510 622 itidem
532 578 585 624 res
606 565 730 624 vertere
754 579 845 625 sese.

20 695 33 740 s
56 677 178 736 vertunt
200 692 238 736 se
262 670 350 736 fluvii
373 671 504 738 lrondes
527 679 559 740 et
580 673 701 758 pabula
723 673 807 738 laeta

55 787 85 850 in
106 785 250 871 pecudes
264 839 273 862 ‚
289 794 413 852 vertum
436 789 577 872 pecudes
599 789 632 853 in
655 809 791 872 corpora
813 794 924 856 nostra

56 909 220 980 naturam,
238 909 272 966 et
294 907 401 968 nostro
424 901 465 968 de
489 922 624 987 corpore
647 921 745 987 saepe
768 902 908 968 ferarum

58 1021 232 1100 augescunt
255 1017 342 1082 vires
365 1022 395 1082 et
417 1037 553 1101 corpora
574 1018 858 1104 pennipotentum.

59 1151 129 1213 ergo
152 1150 269 1196 omnes
292 1137 409 1196 natura
431 1133 520 1197 cibos
542 1133 575 1196 in
599 1153 733 1217 corpora
754 1133 829 1197 viva

22 1269 36 1314 o
59 1247 143 1312 vertit
164 1253 197 1312 et
219 1245 296 1311 binc
320 1265 433 1326 sensus
456 1245 651 1310 animantum
671 1255 819 1331 procreat
841 1269 971 1328 omnes,

56 1383 118 1427 non
139 1361 203 1426 alia
229 1362 328 1444 longe
351 1359 474 1426 ratione
496 1360 604 1443 adque
627 1361 717 1427 arida
739 1363 830 1444 ligna

57 1449 189 1560 explicui
212 1477 248 1540 in
273 1475 419 1540 flammas
442 1483 473 1540 et
495 1475 528 1538 in
551 1477 635 1558 ignis
659 1479 765 1542 onrnie
786 1485 914 1545 versat.

57 1591 156 1656 iamne
177 1590 273 1656 vides
296 1591 392 1674 igitur
413 1591 523 1672 magni
545 1591 721 1675 primordia
744 1611 850 1658 rerum

58 1705 170 1771 referre
193 1706 228 1770 in
254 1705 342 1787 quali
365 1705 428 1770 sint
450 1705 561 1770 ordine
584 1685 732 1788 quaeque
756 1708 860 1772 locata

20 1841 40 1886 :o
61 1828 87 1884 et
107 1817 281 1885 oom’mixts
304 1819 419 1900 quibus
440 1820 516 1885 dent
538 1828 641 1886 motus
664 1822 913 1905 accipiantque?

91 1937 169 1998 Tum
192 1953 293 2018 porro
318 1932 392 2016 quid
415 1934 447 1998 id
471 1942 538 2010 est,
555 1935 696 1999 animum
721 1936 805 2017 qnod
828 1939 982 2024 percutit,
997 1939 1113 2024 ipsum'

61 2049 135 2129 quod
158 2055 270 2114 movet
292 2054 323 2112 et
344 2049 450 2114 varios
473 2067 586 2114 sensus
609 2069 797 2133 expromere
820 2054 925 2138 cogit,

64 2183 95 2228 er
114 2164 322 2230 insensilibus
345 2183 386 2228 ne
408 2164 521 2229 eredas
543 2165 662 2230 sensile
686 2167 804 2248 gigni?

63 2278 89 2340 ni
108 2280 240 2362 mirum,
259 2279 388 2363 lapides
412 2285 444 2344 et
466 2279 553 2362 ligna
576 2287 608 2344 et
629 2287 716 2346 terra
738 2281 822 2363 quod
845 2303 910 2348 una

20 2411 43 2456 u·
63 2394 147 2458 mixta
168 2401 284 2460 tamen
307 2401 468 2475 nequeunt
490 2394 618 2459 vitalem
641 2395 776 2462 reddere
799 2415 948 2463 sensum.

61 2507 130 2572 illud
150 2509 183 2574 in
206 2508 259 2574 his
283 2509 379 2590 igitur
401 2509 497 2576 rebus
520 2510 702 2575 meminisse
726 2511 871 2590 decebit,

63 2643 116 2688 non
137 2643 175 2689 ex
199 2623 352 2688 omnibus
375 2625 524 2708 omnine,
541 2644 626 2706 quae
650 2645 785 2707 cumque
809 2635 917 2692 creant
939 2645 1012 2706 res,

64 2739 169 2804 sensile
192 2746 224 2804 et
248 2739 411 2821 externplo
435 2759 486 2804 mc
509 2739 598 2823 gigni
621 2739 727 2804 dicere
750 2760 884 2818 sensus,

61 2851 111 2915 sed
132 2854 240 2935 magni
265 2852 384 2918 referre
408 2853 604 2938 caprimum
628 2854 784 2935 quantula
810 2861 975 2938 constent,

20 2983 43 3030 so
64 2968 171 3034 sensile
194 2987 280 3052 quae
301 2967 444 3044 iaciunt,
461 2973 492 3032 et
514 2989 578 3051 qna
601 2968 664 3034 sint
686 2969 831 3053 praedita
851 2969 975 3053 forma,

63 3084 190 3149 motibus
214 3082 381 3160 ordinibus
403 3083 554 3168 posituris
577 3083 714 3166 deniqne
738 3105 819 3166 quse
842 3085 924 3150 sint.

65 3217 187 3276 quarum
211 3199 259 3262 nil
280 3217 386 3262 rerum
407 3199 442 3262 in
463 3197 561 3278 lignis
583 3199 771 3280 glaebisque
793 3201 958 3264 videmus:

65 3317 212 3379 ettamen
235 3313 335 3396 boec,
353 3333 423 3378 cum
446 3321 519 3378 sunt
541 3314 631 3394 quasi
654 3314 838 3398 putrefacta
860 3335 920 3399 per
939 3315 1078 3397 imbres,

66 3428 244 3494 vermiculos
266 3429 414 3512 pariunt,
431 3427 506 3510 quia
530 3448 666 3510 corporo
688 3430 831 3494 materiai

20 3557 48 3600 or
67 3542 193 3624 antiquis
217 3563 259 3608 ex
282 3542 447 3608 ordinibus
468 3549 613 3627 permota
637 3563 720 3608 nova
742 3563 777 3608 ro

68 3657 268 3722 conciliantur
290 3657 334 3721 ita
355 3665 391 3722 ut
413 3657 532 3723 debent
553 3658 709 3723 animalia
730 3658 839 3742 gigni.

69 3765 173 3835 deinde
196 3791 256 3851 ea,
273 3772 448 3838 seminibus
470 3771 524 3854 qui
548 3773 665 3838 sensile
688 3791 785 3857 posse
807 3773 907 3838 creari

72 3887 255 3951 constituunt
277 3909 372 3972 porro
396 3905 435 3952 ex
457 3887 531 3952 aliis
554 3885 680 3952 sentire'
694 3887 812 3970 suetis,

71 3997 168 4064 mollia
190 4001 256 4066 iam
275 4001 420 4066 iaciunt:
438 4021 512 4066 nam
536 4019 648 4066 sensus
668 4000 811 4084 iungitur
834 4000 936 4066 omnis

101 4163 119 4168 —-
128 4165 259 4174 ⁶*—

77 4263 119 4310 blb
139 4233 166 4314 lu
189 4268 292 4319 frondes
317 4267 330 4336 ll
356 4271 405 4318 882
432 4277 456 4320 et
480 4268 547 4333 ignis
572 4264 586 4336 ΙΙ
611 4269 658 4318 891
687 4265 759 4315 ledus
785 4263 798 4333 Η
823 4265 938 4316 decedit.
960 4262 973 4332 ll
1000 4268 1050 4316 893
1075 4263 1184 4315 Sensilis

77 4353 174 4418 etemplo
193 4355 206 4422 ll
228 4357 277 4406 902
297 4371 329 4408 ex
341 4355 475 4409 sensilibus
495 4351 508 4423 ll
529 4357 579 4407 908
598 4355 679 4406 sueti.
701 4350 714 4422 ll
736 4355 786 4404 904
805 4352 897 4402 Mollia
915 4367 973 4404 oum
