3186 5146
242 417 264 478 4
750 411 815 466 4664
835 443 868 451 -

243 583 322 642 addo
344 589 401 642 104.
421 578 422 582 “

243 674 473 730 4614444383.

244 765 402 817 4614114444
421 764 545 831 scriptum
565 763 699 817 adibere
720 761 777 816 176.

243 851 470 904 adhortamina
489 848 548 903 383.

243 938 370 1003 461444,
393 937 772 991 461444146144441207.

244 1025 394 1078 46114444
412 1025 501 1092 potius
524 1024 652 1078 adicere
670 1028 716 1077 aut
735 1024 825 1077 adie-

280 1129 352 1166 cere
371 1111 536 1165 scribendum
556 1110 607 1163 200
631 1111 824 1182 4614446]-

279 1203 368 1253 ceret
389 1198 447 1252 188.

244 1288 373 1340 4614144
392 1300 437 1354 pro
457 1285 718 1339 464144444232.

244 1372 469 1428 461446451114
488 1371 548 1425 282.

244 1461 393 1516 adlurius
412 1458 472 1512 306.

244 1547 442 1602 admirabile
461 1545 521 1599 282.

244 1636 347 1704 adque
367 1650 413 1704 pro
431 1638 529 1703 atque
547 1650 596 1687 scr.
615 1633 676 1686 381.

134 1719 140 1733 ’
244 1723 383 1776 4644444
402 1721 462 1775 304.

244 1809 417 1862 464144444
435 1807 495 1860 247.

245 1895 411 1949 adsiduus
429 1891 489 1948 306.

244 1982 412 2036 adsimilis
431 1983 591 2036 atsimilis
609 1986 735 2052 scriptum
754 1983 801 2036 70.

244 2070 478 2137 adspectamen
496 2071 557 2124 383.

244 2158 451 2226 adspiramcn
469 2157 529 2210 383.

244 2261 290 2313 pro
309 2245 425 2298 adstas
443 2245 570 2298 4614144
588 2246 713 2312 scripturn
733 2243 793 2296 232.

244 2333 463 2386 adsuefactus
482 2349 542 2402 cum
561 2333 649 2386 641144
667 2337 694 2385 41
712 2332 826 2385 45141144

280 2418 340 2471 265.

245 2508 377 2562 adventi
395 2513 482 2579 genet.
500 2507 560 2561 361.

245 2595 402 2649 adverbia
419 2611 482 2649 num
500 2611 516 2647 a
532 2594 685 2664 gerundiris
698 2594 827 2647 ducantur

280 2680 340 2735 236.

245 2767 476 2844 adveraipedcs
498 2768 555 2821 149.

246 2855 417 2909 aduersum
436 2873 472 2910 44
490 2857 594 2910 adverb.
617 2857 674 2909 104.

245 2942 427 3013 advigilare
446 2942 505 2996 282.

245 3029 469 3084 464144444114
487 3031 585 3084 nomin.
604 3030 672 3097 plur.
691 3029 733 3083 56.

245 3115 378 3169 additus
402 3116 435 3169 54
469 3119 540 3170 44144
570 3116 696 3182 adulta,
723 3121 825 3185 tempus

279 3202 426 3257 adultum
445 3203 505 3257 339.

244 3291 375 3360 adytus,
393 3291 532 3360 acc-plur.
554 3290 611 3344 129.

244 3395 279 3431 44
298 3377 419 3431 Lucretio
442 3377 619 3446 diphthongos
637 3377 762 3432 4441385
793 3377 826 3431 46

279 3464 449 3518 indicandum
463 3469 580 3533 apertum
594 3482 608 3519 4
620 3465 721 3518 11114444
733 3479 826 3518 sonum

279 3556 346 3620 apte,
357 3553 512 3622 exprimitur
530 3553 608 3621 signo
621 3569 642 3605 aa
655 3550 707 3606 384
726 3568 760 3604 44
779 3567 826 3621 pro

280 3655 293 3691 4
317 3639 443 3707 scriptum
470 3641 500 3693 in
524 3641 708 3694 terminatione
736 3639 826 3692 adrer-

279 3727 381 3778 biorum
400 3725 451 3780 236
478 3727 507 3779 in
526 3727 661 3781 codicibus
680 3743 750 3780 nono
769 3742 825 3780 444-

280 3811 339 3864 4414
367 3815 560 3882 antiquioribus
587 3829 634 3884 pro
663 3831 676 3868 4
701 3815 825 3882 scriptum

280 3898 330 3952 330
362 3917 399 3954 44
423 3915 469 3970 pro
491 3919 506 3954 4
528 3901 580 3954 418
613 3917 695 3970 apro
719 3899 825 3954 44419

280 4003 455 4041 ae-oo-e
476 3989 525 4042 143
545 3989 593 4041 271
614 3987 674 4042 348.

244 4075 511 4145 aegrit-aegret
530 4075 588 4128 147.

243 4177 362 4232 acgror
380 4162 431 4214 416
459 4161 589 4232 aegros?
607 4163 668 4215 424.

243 4245 825 4304 444144444114441111444114444-

278 4335 341 4388 1414
369 4333 494 4395 Αἰολεῖς
526 4337 707 4390 Aeolcnses
735 4336 826 4390 Bolis

280 4419 332 4472 280
351 4419 491 4476 Αἰολέων
506 4422 552 4475 281
575 4423 690 4477 Aeolis
710 4423 824 4477 641281

872 475 876 484 ‚
887 415 953 468 aliae

913 586 1035 640 Aeolus
1069 601 1123 639 acc.
1155 585 1204 638 281
1249 585 1383 639 Aeoliis
1412 585 1464 638 451.

913 673 973 725 281.

876 747 1027 828 aepulari
1047 758 1107 812 330.

877 849 1070 916 aequanimo
1092 845 1150 898 118.

878 933 1093 1004 aequimanus
1116 934 1174 986 107.

877 1036 1001 1090 aequor
1028 1022 1135 1074 allum
1158 1022 1294 1075 Lucretius
1318 1036 1376 1102 non
1397 1021 1466 1074 dixit

915 1109 926 1160 l
948 1107 974 1160 3.
1053 1121 1059 1127 ·

877 1107 1049 1262 45545414
1068 1213 1170 1272 aurae
1191 1195 1240 1247 167
1262 1195 1320 1248 186.

862 1284 1097 1353 Ι44414444444
1112 1282 1161 1335 167
1175 1283 1208 1336 ci.
1223 1283 1272 1336 186
1291 1283 1464 1336 4144144441

911 1386 966 1424 non
985 1367 1159 1424 6141144210.

877 1459 1004 1524 aether,
1023 1459 1170 1512 aetheris
1188 1473 1268 1511 aurae
1289 1456 1338 1520 167
1361 1455 1420 1510 186.

878 1543 1464 1612 4411444144441,4444454144210444

913 1631 1464 1714 4415441144444414416141441144414

915 1719 974 1774 270.

878 1807 1051 1861 44144444.
1071 1809 1201 1862 aethna
1218 1807 1269 1862 383
1292 1809 1400 1862 Aetna
1417 1824 1462 1862 no

914 1895 978 1947 min.
995 1893 1056 1947 406.

880 1983 995 2037 aethra
1015 1980 1085 2056 127.¹

880 2066 1024 2124 Aethra?
1043 2068 1105 2121 406.
1212 2129 1216 2140 Ι

879 2154 990 2211 cluat?
1013 2155 1070 2208 180.

879 2244 1052 2312 Aganippe
1070 2243 1131 2296 407.

878 2331 976 2385 bellum
994 2347 1089 2401 agere
1108 2330 1159 2382 264
1186 2333 1283 2384 acius
1301 2329 1346 2384 55.

879 2420 1133 2488 Agragantinus
1151 2418 1194 2471 48.

878 2508 908 2560 41
926 2508 956 2559 14
974 2511 1059 2576 genet.
1081 2505 1112 2558 10
1130 2507 1160 2559 in
1174 2505 1254 2558 64114.
1267 2521 1322 2559 non
1340 2511 1412 2560 recta
1430 2507 1465 2558 40

913 2593 965 2647 325
984 2594 1053 2662 apud
1072 2593 1152 2647 Italos
1171 2593 1204 2646 26
1224 2593 1259 2646 Al
1278 2608 1326 2662 pro
1338 2594 1464 2670 1144414)-

914 2685 969 2734 tum
988 2680 1049 2734 378.

878 2769 978 2822 41414
998 2767 1109 2823 41141444
1130 2767 1187 2821 162.

878 2853 1002 2915 Αἰολεῖς
1021 2853 1352 2910 1114114444.444144.

877 2942 1064 2997 Alabandis
1087 2957 1157 2996 nom.
1175 2941 1366 2997 Alabandil
1386 2944 1463 2996 Ala·

912 3030 1031 3084 bandis
1049 3045 1103 3083 acc.
1122 3029 1335 3084 Alabandus?
1355 3029 1416 3083 281.

877 3117 1025 3186 Alcyone
1048 3116 1107 3170 165.

877 3203 988 3274 algusl
1008 3204 1088 3273 algu
1107 3203 1168 3256 310.

878 3293 1030 3345 41144444
1050 3306 1096 3360 pro
1115 3290 1326 3345 4114444330.

878 3379 1045 3433 411644414
1064 3377 1123 3432 270.

876 3467 1003 3536 alioqui
1022 3466 1092 3534 apud
1111 3470 1201 3536 poetas
1219 3481 1274 3520 non
1293 3473 1391 3534 exstat,
1410 3471 1460 3522 nisi

911 3555 941 3608 in
959 3553 1061 3607 duobus
1073 3554 1176 3607 Horatii
1188 3555 1308 3608 44441444
1326 3555 1378 3608 168
1391 3555 1460 3620 (325)

910 3641 1002 3694 Livius
1022 3656 1052 3695 co
1070 3657 1136 3694 usus
1154 3645 1194 3695 est
1215 3641 1272 3694 168.

876 3725 1077 3797 aliquandiu
1100 3727 1157 3781 118.

876 3817 1059 3884 aliquantis
1078 3815 1110 3869 ci.
1131 3815 1271 3884 quantis
1289 3813 1333 3868 33.

877 3903 1026 3972 aliquae,
1044 3918 1098 3956 non
1111 3901 1310 3972 aliqualem,
1329 3905 1459 3972 aphau.

912 3989 963 4042 240
981 3989 1035 4042 400
1062 3989 1149 4044 41144
1176 4005 1223 4058 pro
1247 3991 1379 4060 aliquo,
1402 3991 1458 4044 ali-

913 4093 977 4130 cam
997 4081 1046 4130 etc.
1065 4076 1117 4130 220
1136 4077 1197 4131 284.

877 4179 923 4233 pro
943 4164 1224 4233 aliquot·aliquod
1242 4167 1368 4233 scripturn
1391 4167 1447 4219 155.

877 4251 970 4304 41144
989 4253 1024 4316 (14.
1037 4268 1059 4304 4.
1072 4251 1158 4317 Eleos)
1177 4268 1218 4320 ap.
1237 4251 1360 4305 Plautum
1381 4251 1437 4306 150.

877 4338 968 4392 41144
985 4355 1044 4408 gen.
1057 4339 1106 4392 169
1131 4339 1178 4392 411
1191 4338 1244 4392 641.
1259 4338 1308 4392 160
1321 4339 1373 4392 249
1392 4337 1455 4392 4116

913 4425 943 4478 41
967 4424 1026 4479 286.
