3096 5142
336 383 398 450 226
869 381 915 448 Iv

335 555 406 620 velo
420 553 577 641 phaselus
591 576 696 639 aquo,
712 550 805 631 Quod
817 576 913 638 rupee·
936 565 1000 634 eet,
1015 553 1149 638 reffero-e
1158 551 1256 639 pedor
1271 564 1423 639 properate
1509 595 1512 604 ι

335 657 492 722 laborem.
507 657 566 720 oli
573 655 730 743 feronem
745 659 853 719 nutem
868 654 1104 719 eoniunotivnm
1119 656 1153 720 in
1175 654 1312 720 membro
1326 653 1364 719 eb
1384 654 1424 717 in·
1522 721 1523 728 ¹

335 757 554 841 terrogatione
569 757 729 842 pendente
744 756 850 822 looum
874 754 994 823 hebere
1009 758 1082 840 quio
1097 755 1223 840 neget?
1237 763 1269 822 et
1287 754 1425 822 simillimi
1522 775 1523 810 ι

335 869 409 928 eunt
430 861 454 927 ii
476 859 669 926 ooniunotivi
691 879 773 943 quoe
788 859 943 924 hebemus
957 859 992 924 in
1014 858 1088 926 libri
1103 881 1140 922 111
1161 878 1257 926 verno
1276 858 1334 926 eol
1356 857 1426 923 etin

334 985 368 1027 vr
382 965 464 1032 855.
480 969 643 1050 postremo
660 961 766 1042 Quone
788 962 882 1026 citior
903 975 976 1026 etot
990 961 1169 1028 reetisoime
1183 961 1299 1028 dietnm
1320 966 1383 1042 eol,
1396 964 1426 1023 nt

334 1067 413 1133 nihil
440 1086 521 1152 opu·
548 1065 589 1131 eit
614 1065 728 1130 Nonne
753 1062 893 1130 seribere
926 1083 997 1128 eum
1031 1071 1211 1131 oorreotore
1237 1062 1375 1148 quadrati
1400 1067 1427 1126 et

334 1169 491 1253 Marullo;
508 1166 594 1254 qnod
617 1166 651 1232 in
673 1165 815 1249 oblongo
838 1164 930 1250 eolo,
946 1172 1022 1234 ente
1043 1186 1140 1250 quern
1160 1167 1189 1233 ie
1209 1166 1426 1250 eorrigeremr,

335 1272 394 1338 init
409 1272 476 1352 Quo
491 1297 610 1359 oeque.
628 1269 844 1350 Quintilianus
859 1267 893 1334 in
908 1289 930 1348 ι,
945 1269 992 1352 10,
1006 1269 1027 1334 3
1049 1281 1106 1334 ool
1120 1292 1181 1356 quo
1199 1268 1311 1336 melior
1324 1267 1371 1334 eet
1382 1265 1426 1332 de·

324 1359 440 1463 foedet
454 1399 543 1441 reum
559 1375 610 1441 ool
622 1386 708 1462 repet
722 1374 857 1440 cornilio
878 1374 938 1460 qui
948 1373 1090 1438 citherae
1109 1395 1202 1438 eoooe
1215 1370 1386 1438 moisem
1404 1381 1427 1434 et

333 1479 448 1564 opotiri
462 1477 674 1543 doemone
692 1474 753 1541 hoo
768 1474 897 1542 dioendi
912 1495 1015 1559 genno
1031 1473 1233 1560 Propertium
1248 1473 1359 1540 dooere
1372 1471 1428 1538 exi·

333 1578 505 1646 stimobom
520 1580 554 1646 in
568 1578 703 1646 disticho
716 1577 759 1645 ad
770 1577 983 1646 imitationem
998 1577 1153 1644 orationis
1164 1575 1304 1643 Lucretii
1313 1592 1426 1660 oompo-

332 1681 395 1746 eito
409 1730 417 1764 ,
432 1703 454 1766 1,
466 1682 496 1766 2,
509 1683 550 1767 9,
566 1681 620 1748 ubi
636 1705 698 1769 quo
718 1681 831 1746 melior
846 1681 959 1767 eoripoi
974 1731 982 1766 ‚
998 1701 1069 1747 oum
1091 1679 1164 1745 libri
1181 1679 1322 1746 habeon
1342 1699 1427 1764 quoe,

333 1783 456 1870 Aspice·
474 1809 535 1871 quo
549 1785 714 1850 summittit
735 1782 858 1868 (potine
873 1784 1060 1863 eommr'ttot)
1083 1782 1348 1868 homoeformoeo
1361 1779 1428 1846 cole

332 1911 384 1952 reo
395 1886 438 1952 Et
449 1883 576 1953 neoeoot
586 1885 720 1954 hederae
730 1899 837 1973 opoente
847 1909 908 1952 eoo
919 1887 1031 1952 melior
1041 1909 1053 1970 ,·
1063 1885 1151 1969 quod
1163 1883 1388 1966 Hertnbergine
1397 1899 1427 1946 ne

275 1980 279 1988 ’
333 1987 521 2072 intellegere
544 1989 701 2074 negarit.
723 1993 758 2053 nt
785 2007 847 2071 ego
871 1988 1012 2054 vieieoim
1035 1988 1096 2054 viri
1118 1987 1294 2056 doetieeimi
1316 1990 1428 2052 oenten-

331 2091 409 2158 tiem
423 2091 543 2178 miror,
560 2093 616 2175 qui
632 2090 789 2176 Propertii
804 2089 906 2157 verbe
927 2091 973 2157 ite
995 2092 1222 2176 interpretetur
1237 2098 1274 2157 ut
1294 2087 1426 2156 hederam

332 2202 365 2260 et
386 2195 533 2261 oriolum
547 2194 632 2260 inter
646 2194 783 2278 coloreo,
801 2191 834 2258 id
857 2199 907 2259 est
921 2194 1004 2260 inter
1022 2192 1117 2260 floreo
1132 2193 1297 2260 eoloretos
1307 2207 1427 2278 ,roomo

330 2315 422 2363 roseo
443 2295 618 2364 videatur:
641 2293 718 2361 dieit
740 2295 825 2361 enim
847 2293 977 2382 ‘Aepioo
1004 2296 1130 2364 eoloree
1151 2315 1234 2381 quoe
1260 2303 1346 2364 terro
1365 2293 1427 2359 eob-

330 2399 446 2466 m'ittit:
461 2399 526 2466 iem
549 2397 675 2465 videbis
697 2404 733 2464 ut
753 2403 869 2484 sponte
892 2416 953 2464 ena
974 2400 1090 2467 molino
1112 2400 1247 2467 venient
1257 2401 1274 2466 .’
1328 2462 1331 2468 ,

416 2502 489 2569 210.
511 2500 621 2581 Qonrr
654 2521 787 2576 οιιιιιιιι
814 2521 970 2569 ιιοιιιιι.
994 2501 1197 2570 (torreotoree
1224 2497 1426 2586 antiquissimi

330 2623 451 2669 noro.

414 2705 487 2770 211.
512 2725 578 2772 eun
593 2727 659 2771 nro
682 2725 872 2770 sonnnoon
886 2727 1007 2779 noun.
1025 2706 1194 2774 (io'rrootor
1215 2703 1427 2792 qoodrotiorh

329 2807 402 2875 de'oo
424 2815 456 2874 et
477 2800 596 2896 oqooe'.
611 2809 669 2874 rob
691 2808 748 2874 dio
776 2809 925 2875 eoribitnr
951 2807 1039 2894 opud
1061 2809 1228 2893 Plautum,
1247 2809 1302 2894 qui
1328 2827 1365 2876 eo
1385 2825 1427 2872 ee

329 2910 392 2977 mel
414 2930 492 2976 nouo
507 2917 576 2996 oet,
592 2910 625 2976 in
641 2931 737 2977 veron
753 2910 900 2976 mutilato
916 2911 1134 2978 Mostellarioe
1154 2933 1201 2994 ιιι,
1213 2911 1244 2995 2,
1258 2912 1319 2995 78,
1335 2911 1367 2976 in
1381 2907 1427 2972 Vi·

307 3087 310 3093 *
327 3013 424 3079 trnvii
440 3013 523 3079 libro
539 3033 570 3096 v,
583 3015 613 3097 9,
625 3012 645 3078 5
661 3019 693 3078 et
707 3014 747 3097 6,
764 3015 840 3080 item
851 3033 894 3097 ιι,
907 3013 936 3098 B,
949 3017 969 3081 9
981 3033 1035 3100 vu,
1051 3015 1077 3098 1,
1089 3015 1111 3082 5
1123 3063 1131 3098 ,
1144 3014 1176 3078 in
1189 3013 1296 3079 Plinio
1310 3009 1426 3080 chiffle-

327 3113 417 3179 tiono
441 3133 568 3200 semper
588 3114 665 3200 (ho'e
681 3115 911 3200 Deleeempum
932 3117 1043 3182 tentori
1059 3116 1194 3200 Siligiue
1216 3116 1316 3182 refert
1335 3113 1376 3181 od
1396 3111 1426 3177 li·

327 3216 419 3282 hrum
433 3237 513 3281 xxxv
528 3237 560 3302 p.
573 3217 705 3302 xxvrn),
721 3217 809 3302 opud
824 3217 963 3284 Paolum
978 3219 1219 3304 epitomatorem
1235 3217 1325 3284 Festi
1339 3207 1371 3302 p.
1379 3213 1425 3281 54.

327 3318 485 3384 Aneoniue
501 3319 557 3403 qni
579 3318 663 3385 soleo
686 3318 802 3384 dieitur
816 3318 859 3386 ed
882 3319 999 3386 librum
1022 3321 1056 3386 in
1072 3321 1202 3386 Verrem
1218 3341 1239 3404 ι,
1251 3320 1294 3386 51
1317 3317 1372 3385 eod
1386 3316 1427 3382 ilo

326 3419 504 3487 declinatur
516 3471 528 3504 ,
540 3421 596 3486 lroe
611 3420 719 3505 donor,
733 3422 827 3486 boine
842 3421 894 3489 dr'e'
905 3429 956 3488 ete
968 3473 976 3489 .
990 3424 1103 3489 nortus
1118 3443 1150 3508 p.
1165 3419 1290 3508 185,2'1
1306 3418 1409 3486 Dante
1417 3466 1425 3496 ‚

326 3523 404 3608 quia
425 3525 571 3590 ooieeree'
592 3523 708 3589 mundi
724 3523 872 3590 eooerdoo
882 3573 891 3608 ‚
912 3526 973 3610 qm'
990 3525 1149 3612 apelletur
1170 3523 1281 3590 dium.
1301 3522 1359 3588 eod
1378 3518 1426 3585 dio

324 3623 394 3690 eive
409 3623 482 3692 divo
497 3632 529 3692 et
544 3625 622 3710 dio,
637 3625 812 3712 eieutfreto
824 3626 972 3714 otfreto‚
989 3625 1137 3692 dieantur
1148 3646 1170 3693 o
1180 3624 1306 3692 dnobus
1318 3622 1423 3696 reete,

325 3745 408 3810 quoe
430 3733 505 3794 ennt
526 3727 600 3794 dior
622 3733 655 3794 et
676 3727 804 3794 divom.
821 3733 991 3813 utrumqne
1012 3735 1134 3796 reetum
1149 3745 1171 3794 o
1185 3727 1330 3794 Varrone
1351 3722 1424 3791 indi·

324 3835 430 3895 oetom
446 3834 524 3914 poto
546 3829 589 3896 de
604 3830 719 3914 lingue
734 3829 852 3897 Latine
872 3831 955 3897 libro
977 3853 998 3894 v
1012 3852 1045 3917 p.
1058 3831 1120 3916 tn,
1136 3830 1191 3897 nbi
1213 3831 1262 3897 oio
1277 3827 1424 3896 Florenti·

323 3951 384 3998 nnn
407 3930 509 3998 codex
523 3977 531 3995 .
544 3933 616 3998 Hoo
637 3932 721 4000 idern
742 3933 846 4020 moqe’e
868 3931 1002 3999 ostendit
1016 3934 1181 4020 oote'que'oe
1195 3933 1282 3998 Iove
1302 3951 1424 3998 ooorem

322 4056 398 4098 nom
412 4023 486 4098 olim
497 4033 612 4099 Deiroe'o
626 4048 655 4100 et
665 4035 811 4121 Dr'epo'ler
825 4034 948 4118 dietus,
964 4033 1002 4100 e'd
1014 4047 1060 4100 eet
1070 4033 1138 4101 dieo
1146 4047 1263 4121 poter.
1277 4059 1300 4100 o
1309 4055 1368 4120 quo
1378 4029 1427 4097 de·

323 4132 404 4200 dr‘ote‘
411 4137 471 4222 qoe'
478 4135 572 4220 inde,
585 4149 613 4202 et
624 4135 694 4203 dien
706 4151 735 4202 et
746 4136 855 4204 divum
868 4185 876 4201 .
890 4135 974 4202 uode
984 4137 1042 4202 ouh
1057 4135 1130 4204 dieo
1142 4136 1216 4203 de'oe
1225 4135 1341 4203 llutos
1350 4160 1361 4200 .·
1370 4135 1423 4200 rto·

321 4261 381 4324 que
392 4237 467 4304 inde
474 4239 541 4304 eo'oe
547 4239 747 4325 perforatum
757 4253 880 4322 tectum,
893 4237 1256 4322 oleooe'deotorde‘oom,
1269 4237 1354 4304 nizot
1361 4257 1422 4302 eoe-

322 4339 408 4406 lom.
424 4338 629 4406 seribendnm
645 4341 697 4406 oio
713 4355 742 4408 et
756 4341 830 4406 dios
849 4354 878 4406 et
892 4341 1019 4424 divom,
1036 4359 1139 4424 eoquo
1154 4339 1200 4407 ito
1214 4335 1423 4424 intellegendo

321 4447 356 4506 ut
370 4441 437 4506 dixi
451 4463 458 4504 ι
474 4459 550 4506 nom
572 4461 677 4524 neque
692 4443 725 4508 in
746 4443 819 4509 dior
834 4441 996 4509 adieetivo
1019 4443 1108 4510 notio
1124 4449 1259 4529 opporet
1273 4442 1337 4508 diei
1358 4440 1421 4506 rive

320 4543 422 4626 eneti,
438 4561 542 4627 neque
564 4541 638 4609 diuo
661 4543 773 4611 Pidino
792 4543 979 4630 simplieiter
1000 4545 1074 4612 dior
1089 4545 1153 4612 diei
1176 4549 1304 4630 potest.
1320 4544 1419 4610 einer
