2996 5148
542 400 570 464 V

33 593 95 638 uera
116 573 239 655 antiqua
261 593 374 638 manus
397 591 521 653 ungues
543 572 721 654 dentesque
743 571 889 640 fuerunt.

33 699 47 752 rt
66 686 177 772 lapides
199 696 230 752 et
251 688 326 752 item
350 688 499 752 silvamrn
522 685 684 770 fragmina
705 689 806 764 rami,

33 811 46 866 et
64 801 176 866 flamma
197 808 292 884 atque
314 803 426 884 ignes,
443 809 516 886 post
538 821 633 884 quam
656 811 729 868 sunt
750 804 876 888 cognita
898 804 1054 889 primurn.

33 919 154 982 rosterius
175 917 248 988 ferri
272 917 321 982 vis
344 925 392 984 est
414 917 561 1000 aerisque
584 921 731 1002 reperta.

32 1039 48 1096 tt
64 1033 137 1116 prior
157 1032 239 1098 aeris
261 1039 330 1096 erat
352 1052 446 1114 quam
471 1031 545 1098 ferri
569 1032 715 1114 cognitus
738 1051 834 1117 usus,

32 1167 71 1228 ruo
89 1146 187 1220 facilis,
206 1147 311 1228 magis
334 1154 382 1214 est
403 1152 519 1212 natura
541 1155 573 1214 et
594 1147 689 1232 copia
711 1148 834 1214 maior.

32 1279 83 1326 rere
102 1261 195 1328 solum
219 1269 324 1327 terrae
347 1263 550 1345 tractabant,
567 1279 705 1342 aereque
728 1262 804 1328 belli

32 1375 168 1442 riscebant
188 1375 303 1442 fluctus
326 1383 356 1441 et
378 1377 512 1442 vulnera
534 1383 626 1442 vasta
648 1376 798 1442 serebant

32 1499 47 1554 rt
62 1512 143 1574 pecus
164 1503 259 1576 atque
282 1511 382 1574 agros
404 1492 610 1558 adimebant:
627 1512 701 1556 nam
724 1491 817 1558 facile
840 1494 913 1560 ollis

32 1607 106 1671 rnrnia
126 1607 278 1674 cedebant
301 1607 433 1672 armatis
456 1606 544 1672 nuda
567 1613 599 1672 et
619 1607 761 1671 inerma.

33 1723 77 1784 nde
96 1723 264 1790 minutatim
289 1722 447 1808 processit
469 1720 593 1788 ferreus
615 1721 720 1796 ensis,

31 1853 147 1920 ursaque
168 1838 198 1903 in
222 1837 430 1924 obprobrium
452 1837 577 1920 species
600 1843 648 1902 est
670 1836 762 1904 falcis
785 1837 930 1923 aberae,

31 1960 48 2012 et
64 1951 131 2018 ferro
153 1973 288 2038 coepere
311 1953 414 2019 solum
437 1952 641 2036 proscindere
663 1958 767 2018 terrae

31 2075 232 2150 exaequataque
255 2075 331 2134 sunt
353 2067 475 2152 creperi
498 2068 674 2134 certamina
697 2067 792 2132 belii.

32 2183 132 2264 etprins
152 2191 199 2250 est
220 2191 380 2250 armatum
402 2183 436 2246 in
458 2183 533 2264 equi
556 2183 771 2248 conscendere
794 2189 899 2250 costas

35 2307 53 2354 u
68 2299 235 2366 moderarier
258 2300 343 2364 bunc
365 2297 464 2362 irenis
487 2297 664 2380 dextraque
685 2297 795 2379 vigere

34 2427 93 2488 quan
111 2414 215 2500 biiugo
239 2435 336 2482 curru
357 2413 434 2480 beili
458 2418 616 2496 temptare
639 2413 781 2498 pericla.

32 2531 52 2586 et
68 2527 171 2609 biiugos
194 2530 284 2613 prius
307 2536 356 2594 est
378 2547 475 2610 quarn
499 2527 548 2594 bis
571 2529 763 2613 coniungere
786 2529 880 2596 binos

30 2648 48 2702 et
64 2661 138 2723 quan
160 2643 327 2709 falciferos
349 2647 505 2708 armatum
529 2643 704 2710 escendere
729 2665 860 2710 currus.

30 2751 77 2818 'nde
96 2757 185 2824 bores
205 2760 299 2824 lucas
322 2757 434 2824 turrito
457 2777 611 2842 corpore,
628 2763 750 2836 tetras,

30 2873 224 2954 ingomarus,
240 2873 318 2940 belii
342 2873 519 2940 docuerunt
540 2874 674 2938 volnera
697 2873 798 2938 Poeni

30 2988 124 3054 uderre
146 2997 336 3074 utmagnus
358 2990 468 3056 Martis
490 2989 619 3054 turbare
643 2994 809 3054 catervas.

30 3101 187 3174 sicelides
209 3109 275 3174 alio
299 3106 424 3192 peperit
445 3103 606 3170 discordia
628 3103 747 3186 tristis,

30 3215 142 3287 terribile
164 3222 313 3290 humanis
336 3219 423 3304 quod
445 3219 593 3304 gentibus
616 3225 702 3284 esset
723 3218 756 3282 in
779 3217 896 3300 amnis,

30 3329 94 3414 inque
113 3337 179 3405 dies
200 3339 280 3406 belii
302 3335 478 3404 terroribus
500 3333 626 3400 addidit
647 3352 809 3414 augmen.

52 3449 237 3537 Temptarunt
260 3453 357 3520 etiam
380 3459 489 3516 tauros
511 3450 544 3514 iu
567 3469 717 3516 moenere
740 3448 839 3528 beili,

30 3566 177 3650 reumque
198 3589 274 3636 sues
297 3587 414 3634 saevos
437 3571 511 3631 sunt
532 3565 655 3632 mittere
677 3565 710 3630 in
732 3565 854 3632 hostis.

30 3681 49 3734 et
64 3681 173 3750 validos
193 3684 312 3770 partim
335 3701 413 3768 prae
437 3699 472 3748 se
495 3681 611 3746 misere
633 3681 745 3746 leones

30 3797 271 3868 condoctoribus
293 3797 426 3864 armatis
449 3797 619 3880 saevisque
641 3797 826 3882 magistris,

31 3907 64 3984 ui
81 3914 266 3980 moderarier
288 3914 337 3980 bis
359 3919 490 3997 possent
511 3912 687 3995 vinclisque
711 3919 842 3996 tenere,

32 4033 57 4082 tt
73 4027 229 4111 quiquam,
246 4029 399 4114 quoniam
421 4028 581 4113 permixta
603 4027 703 4094 caede
726 4027 870 4092 calentes

30 4295 201 4376 1²’‘bitumen''
224 4309 290 4358 1288
309 4305 423 4356 maiore.
443 4301 457 4374 ΙΙ
479 4307 547 4358 raet
564 4305 672 4372 speciest
695 4301 708 4373 Η
728 4303 851 4356 athenae.
872 4301 885 4372 ΙΙ
909 4305 975 4354 1300
996 4302 1082 4368 biiugo
1104 4299 1117 4370 11

31 4383 78 4434 ¹³⁰²
95 4405 132 4442 res
149 4391 162 4462 Η
181 4403 275 4446 mnes.
296 4395 309 4462 ,1
332 4395 396 4445 1801
417 4393 490 4444 bellis
