3052 5144
561 393 606 458 lll

35 588 101 632 rara
123 565 207 649 quod
231 567 299 632 eius
321 567 403 632 enirn
427 570 554 632 constat
576 569 711 640 natura,
728 568 891 631 necessest

32 682 103 746 ae'ris
125 682 299 746 intersum
322 679 497 766 primordia
520 679 619 744 multa
645 679 785 744 moveri.
876 704 878 710 ’

34 797 89 860 inm
110 795 223 880 triplex
247 797 345 861 animi
369 803 417 861 est
439 795 533 876 igitur
555 800 669 858 natura
690 801 836 877 reperta:

34 931 84 974 nec
104 917 207 976 tamen
232 909 311 976 baec
331 917 384 976 sat
405 917 479 975 sunt
500 908 543 974 ad
566 927 693 974 sensum
717 915 831 972 cuncta
854 911 1049 990 creandum3

35 1025 72 1088 nil
93 1025 197 1090 borum
221 1027 370 1109 quoniam
394 1024 507 1109 recipit
528 1043 622 1106 quem
643 1043 740 1107 posse
763 1043 892 1101 creare,

35 1139 194 1206 sensiferos
217 1147 323 1205 motus
346 1140 507 1224 quaedam
529 1139 578 1204 vis
601 1139 706 1202 menti'
728 1135 870 1204 uolutat.

34 1263 133 1335 qumta
154 1275 283 1338 quoque
306 1257 355 1320 bis
376 1255 473 1336 igitur
495 1251 656 1334 quaedam
679 1259 794 1316 natura
815 1261 978 1320 necessest

35 1367 235 1434 adtribuatur:
253 1377 324 1436 east
346 1370 474 1434 omnino
499 1367 637 1434 nominis
660 1385 795 1452 expers3

35 1503 86 1564 qua
107 1504 203 1566 neque
227 1487 378 1551 mobilius
403 1485 573 1567 quicquam
597 1501 701 1564 noque
724 1484 848 1548 tenvius
871 1490 997 1568 exstat,

35 1617 83 1660 uec
102 1601 202 1681 iringis
224 1607 256 1664 et
279 1600 389 1684 parvis
412 1606 445 1664 et
465 1598 588 1662 levibus
611 1617 650 1661 ex
673 1596 859 1679 elementis3

15 1751 17 1770 ‚
37 1713 190 1780 sensiferos
213 1725 320 1782 motus
344 1733 426 1797 quae
449 1713 528 1777 didit
551 1713 654 1796 prima
676 1731 735 1795 per
756 1719 862 1777 artus.

37 1829 122 1909 prima
143 1829 242 1894 cietur
266 1829 350 1893 euim
364 1879 371 1914 ‚
387 1829 497 1914 parvis
518 1827 660 1911 perlecta
682 1825 814 1908 figuris:

37 1941 95 2006 iude
115 1943 199 2008 calor
221 1950 327 2008 motus
351 1951 382 2008 et
404 1944 489 2008 venti
512 1961 608 2008 caeca
629 1945 772 2025 potestas

40 2059 146 2140 accipit,
162 2058 237 2123 iude
261 2071 317 2124 a'e'r
330 2083 337 2122 :
352 2058 428 2123 inde
451 2057 560 2122 omnia
581 2055 819 2132 mobilitantur,

42 2174 186 2238 concutitur
209 2174 363 2257 sanguis,
380 2181 445 2236 tum
468 2173 592 2237 viscera
613 2170 849 2254 persentiscunt

15 2288 142 2364 torricia,
158 2289 331 2372 postremis
354 2288 447 2352 dabir
469 2286 595 2352 ossibus
617 2291 712 2366 atque
735 2284 884 2349 medullis

39 2399 90 2463 sire
108 2403 252 2488 uoluptas
276 2408 324 2468 est
345 2403 413 2468 sive
436 2409 484 2466 est
506 2399 681 2465 contrarius
705 2399 822 2463 ardor.

38 2532 84 2578 nec
101 2521 214 2584 mmere
236 2519 298 2583 bue
321 2517 413 2582 dolor
436 2535 536 2597 usque
558 2519 664 2598 polest
685 2521 853 2598 penetrare
876 2533 981 2596 neque
1004 2533 1080 2580 acre

39 2647 202 2708 permanare
224 2633 366 2710 malum,
383 2631 458 2713 quin
482 2629 589 2695 omnia
610 2629 835 2711 perturbentur

38 2747 217 2826 usqueadeo
241 2757 277 2812 ut
298 2747 383 2812 vitae
407 2744 490 2810 desit
511 2744 602 2808 locus
625 2749 722 2824 atque
744 2744 861 2808 animai

14 2857 184 2941 §diffugiant
205 2870 316 2948 partes
338 2881 397 2947 per
419 2861 527 2925 caulos
548 2859 691 2942 eorporis
711 2859 832 2923 omnis.

40 2973 83 3036 sed
102 2977 284 3061 plerumque
305 2977 340 3042 fit
361 2977 394 3042 in
417 2997 541 3042 summo
565 2973 657 3055 quasi
680 2993 815 3058 corpore
837 2973 908 3038 finis

39 3089 170 3156 uirilibus:
187 3091 274 3158 hanc
297 3093 338 3158 ob
362 3111 427 3157 rem
450 3091 547 3155 vitam
570 3089 735 3154 retinemu‘
758 3088 923 3154 ualentes.

72 3201 151 3270 llrrno
171 3227 210 3272 eu
233 3227 297 3290 quo
320 3213 415 3290 paeto
437 3205 520 3269 inter
542 3223 613 3270 sese
636 3203 734 3266 mixta
757 3203 934 3286 quibusque

40 3327 144 3402 rumpia
164 3321 267 3386 modis
290 3321 419 3405 vigeant
441 3320 595 3384 rationem
618 3317 751 3383 reddere
774 3325 920 3383 aventem

14 3445 22 3486 r
41 3429 174 3500 abstrahit
195 3437 328 3502 invitum
351 3436 447 3519 patrii
470 3434 624 3500 sermonis
646 3441 794 3517 egestas:

41 3545 85 3608 sed
104 3555 220 3636 amen,
238 3559 273 3616 ut
294 3557 406 3637 potero
429 3549 609 3615 summatim
632 3549 807 3632 attingere,
824 3555 975 3633 tangam.

42 3657 106 3724 iuler
125 3667 204 3730 euim
229 3671 357 3731 cursant
378 3663 552 3750 primordia
573 3663 798 3748 principiorum

43 3775 157 3844 notibus
178 3782 259 3845 inter
281 3800 336 3866 se,
353 3781 399 3845 nil
421 3787 455 3844 ut
477 3778 638 3844 secernier
658 3797 753 3842 unum

43 3892 126 3968 possit
144 3913 200 3961 nec
223 3895 329 3981 spatio
351 3895 419 3961 fieri
443 3893 545 3960 divisa
567 3898 730 3977 potestas,

48 4189 87 4234 tlt
109 4192 239 4246 internum
258 4198 314 4249 bis.
340 4195 353 4265 ll
378 4198 491 4261 mqucri.
518 4194 532 4264 ll
558 4199 608 4246 239
633 4197 727 4260 recepit
743 4212 813 4246 meus
842 4193 856 4264 ΙΙ
885 4199 935 4244 240
958 4211 1006 4258 qne
1025 4207 1107 4246 mente
1128 4195 1141 4261 ΙΙ

48 4277 88 4322 tlt
104 4283 176 4332 lenuis
200 4285 212 4351 ll
237 4287 287 4335 244
306 4285 421 4350 operris
447 4282 460 4352 ΙΙ
485 4287 535 4334 249
555 4295 608 4334 turn
626 4284 731 4350 sanguis
750 4280 764 4352 Η
788 4283 981 4348 persentisiuut.
1007 4279 1019 4352 ll
1045 4285 1094 4334 254
1115 4291 1142 4338 ul

49 4364 165 4420 omissum.
184 4369 197 4440 Η
218 4375 268 4424 255
288 4373 385 4425 culuiss
405 4369 418 4442 Η
439 4375 488 4424 257
508 4371 636 4428 valemus.
