3036 5150
328 369 372 435 46
877 369 891 432 Ι

414 540 487 606 646.
512 540 564 604 Ex
587 560 658 603 uuo
682 561 715 602 66
737 559 827 603 suun
850 558 1125 609 1on1runooun
1148 557 1346 601 6666666.
1374 537 1421 601 Es

329 667 401 709 vero
424 650 584 708 corrector
606 641 758 726 oblongi,
777 641 870 726 Itali,
895 639 969 706 olim
992 640 1162 724 impressi,
1185 639 1421 704 1166666666-

330 747 393 811 1166
409 745 463 810 Ee
478 765 548 808 nuo
564 751 724 809 eorreotor
738 743 908 828 quadrati,
924 741 1115 824 Turnebus,
1132 740 1305 806 Lambinus
1317 789 1324 804 .
1336 760 1423 826 supra

330 849 393 914 636
415 862 509 935 atque
532 872 571 912 eae
592 848 665 934 19661
683 869 838 911 summam
860 847 1027 910 cornescere
1049 845 1134 909 solo.

414 950 487 1015 649.
511 970 701 1012 6666666.
724 949 853 1013 Habere
878 945 1055 1030 quadratus
1078 946 1423 1013 616666666.6666-

329 1074 422 1116 66666
444 1051 518 1118 ltali
542 1059 574 1116 et
595 1050 763 1136 impressi.

416 1155 489 1220 661.
512 1153 861 1218 Lauororooeouno
877 1171 1142 1222 orsrncrrsonn
1164 1174 1338 1218 6666666.
1360 1152 1425 1217 666-

329 1263 433 1323 reetor
449 1255 580 1337 oblongi
597 1255 737 1320 debieetis
752 1275 876 1341 oreque
890 1256 1034 1340 soporos.
1051 1255 1226 1342 leopoldus
1236 1263 1270 1320 et
1285 1253 1427 1342 leupoldo

330 1359 446 1426 eeteris
469 1358 549 1424 loeis
570 1357 796 1442 membranae,
820 1375 842 1420 a
864 1375 927 1439 quo
950 1356 983 1420 16
1006 1354 1068 1422 666
1082 1377 1146 1422 666
1162 1377 1259 1440 quum
1274 1365 1358 1423 rento
1372 1355 1427 1421 die

329 1467 461 1545 erepent
482 1460 617 1542 ignoro.
647 1459 760 1544 leopor
781 1457 912 1542 quidem
934 1477 1033 1543 ssepe
1055 1459 1207 1545 seriptum
1230 1461 1319 1544 legi,
1341 1457 1427 1542 idque

330 1565 426 1630 66661
447 1563 480 1626 16
496 1583 552 1640 111,
571 1562 632 1626 172
648 1561 845 1646 quadratus,
862 1559 918 1626 ubi
934 1561 966 1624 in
983 1561 1124 1644 oblongo
1147 1569 1196 1627 est
1218 1562 1353 1649 [nopae
1364 1609 1371 1624 .
1382 1559 1427 1626 66

330 1668 446 1749 longus
462 1666 495 1730 in
510 1685 563 1747 v1,
583 1665 662 1729 1167
688 1665 871 1751 Lanpebat.
893 1663 1081 1748 eproximis
1096 1683 1191 1730 versu
1205 1665 1269 1730 663
1292 1685 1367 1730 usus
1387 1669 1428 1728 est

329 1770 456 1836 Nonius
478 1789 510 1852 p.
530 1767 610 1849 184,
631 1767 689 1834 10.

414 1872 487 1936 667.
505 1870 578 1934 Snn
591 1889 680 1939 Qura
692 1889 816 1931 66666
831 1889 903 1930 6666
919 1889 1086 1931 6666666
1101 1889 1315 1947 6666666666
1328 1887 1426 1932 muse.

329 1974 385 2040 Sio
405 1974 510 2058 prims
531 1991 629 2036 manu
651 1970 830 2054 oblongos:
854 1971 924 2036 eius
947 1977 1107 2036 eorreotor
1130 1971 1207 2036 16611
1227 1995 1357 2054 musae,
1384 1969 1427 2033 oni
1501 2013 1502 2022 .

328 2075 555 2160 superscripsit
573 2097 634 2159 pro
644 2075 767 2160 poetri,
790 2073 899 2156 itaquo
915 2073 1093 2138 Brixiensis
1109 2073 1208 2139 edib'o
1223 2099 1352 2156 masne,
1373 2091 1427 2155 quo

328 2178 457 2243 nomine
479 2176 633 2240 Heracliti
662 2175 775 2240 librum
800 2194 821 2239 a
842 2175 1037 2258 quibusdam
1068 2183 1212 2242 veterum
1240 2177 1428 2262 appellatum

328 2299 400 2345 esse
423 2279 529 2344 nullus
547 2279 755 2362 interpretum
771 2275 959 2343 reeordatus
975 2285 1043 2362 est,
1067 2278 1154 2361 quod
1176 2279 1298 2344 miror.
1313 2280 1346 2343 in
1361 2295 1443 2360 que,

329 2382 421 2446 drato
444 2381 530 2446 etin
553 2379 680 2446 schedis
703 2386 752 2446 est
773 2404 827 2444 ma
849 2385 996 2446 tuntum.
1017 2382 1176 2447 Antonius
1200 2382 1293 2447 ilarii
1317 2382 1427 2465 (puto,
1501 2375 1502 2382 '

329 2503 463 2550 eversu
486 2483 568 2566 666)
590 2497 753 2566 mussant,
783 2483 977 2547 Veronensis
1001 2482 1099 2548 editio
1127 2485 1249 2566 inesse,
1283 2481 1428 2549 Marullus
1501 2489 1502 2492 ’

328 2587 423 2651 multi
432 2611 443 2669 ,·
470 2605 510 2650 ex
533 2585 648 2668 quibus
670 2604 747 2650 vero
771 2583 951 2668 proximum
974 2591 1024 2650 est
1045 2587 1166 2668 inesse,
1190 2585 1248 2651 sed
1271 2587 1428 2670 ineptum,

328 2687 531 2754 scribendum
554 2693 604 2752 661
626 2687 711 2752 enim
732 2687 798 2753 sed
820 2689 897 2774 quia
917 2688 1019 2752 molta
1039 2688 1106 2752 sihi
1124 2702 1255 2754 cernunt
1276 2686 1430 2754 contrario

328 2811 467 2854 666666
489 2839 496 2854 .
519 2790 627 2855 littora
649 2790 794 2854 Romana
815 2811 865 2851 66
887 2809 953 2855 666
976 2791 1110 2856 multum
1131 2789 1240 2855 differt
1263 2790 1304 2856 66
1328 2811 1371 2852 u:
1395 2785 1427 2852 ol>

328 2894 432 2959 simile
454 2900 504 2959 est
524 2893 643 2958 unciali
666 2911 714 2957 6.
1005 2869 1019 2896 “

414 2997 486 3064 669.
520 3016 709 3060 66666666
743 3015 813 3056 666
845 3017 942 3060 suna
965 3043 973 3060 .
996 2995 1164 3062 Oorreetor
1197 2995 1329 3076 oblongi
1362 3015 1428 3058 nero

328 3121 428 3164 6666.

413 3204 486 3269 660.
510 3221 682 3265 66666666
706 3220 821 3262 ussus
844 3221 956 3264 66666
972 3248 978 3262 .
996 3202 1109 3286 Inepte
1132 3202 1206 3266 Itali
1230 3207 1263 3266 et
1283 3199 1358 3266 olim
1380 3199 1427 3261 im·

329 3307 431 3390 pressi
456 3319 652 3392 exemptum:
675 3303 831 3368 Marullus
854 3309 940 3368 reete
962 3325 1085 3387 66666,
1109 3311 1144 3370 nt
1166 3299 1426 3369 6616666112.
1500 3299 1501 3340 ἓ

413 3407 486 3472 662.
510 3429 609 3478 6666
632 3427 756 3470 666666
778 3427 940 3468 urrunnu
963 3399 1427 3492 666666.116]61666011616-

328 3509 452 3594 pressi:
475 3529 613 3572 narrrn
635 3509 814 3574 Aventius.

413 3612 486 3677 666.
510 3610 616 3689 Quon
640 3631 671 3672 sr
687 3631 884 3674 66666666
908 3631 1077 3676 6666666
1100 3626 1427 3675 66666666666666

327 3715 490 3780 Inuisus
520 3734 659 3778 consus
688 3733 837 3776 suruour
867 3735 1092 3786 6666666666
1123 3735 1289 3780 coneus.
1315 3715 1350 3780 In
1382 3709 1427 3774 his

327 3816 529 3901 perspicuum
544 3821 595 3880 est
609 3835 718 3880 errore
734 3815 854 3880 laetum
870 3835 942 3882 esse
957 3837 1024 3880 nra
1040 3817 1126 3900 quod
1149 3823 1220 3882 erat
1241 3837 1328 3880 6666
1344 3867 1350 3882 .
1373 3812 1428 3876 666

327 3920 400 3984 itali
429 3938 500 3984 oum
530 3937 595 3982 non
622 3917 800 4002 vidissent,
829 3917 973 3982 feoerunt
999 3944 1065 3984 uno
1094 3928 1127 3984 61
1154 3937 1257 3984 exeo
1282 3914 1426 3984 Mamllus

327 4023 396 4086 ullo
406 4071 415 4104 ‚
438 4041 533 4105 quem
554 4039 666 4085 omnes
681 4021 779 4085 seouti
795 4029 871 4086 sunt
890 4069 897 4084 .
918 4021 1003 4086 idem
1020 4021 1175 4087 Marullus
1190 4035 1426 4089 noroenses:

326 4126 361 4188 e'n
391 4144 510 4187 66666
540 4124 664 4208 6116966·
687 4122 807 4206 primus
834 4123 1002 4190 Turnebus
1024 4124 1286 4190 adversariorum
1308 4145 1368 4196 uu,
1392 4117 1423 4180 ll

328 4231 359 4290 et
381 4225 579 4298 Lambinus.

413 4328 486 4394 668.
519 4349 707 4392 susurrus
735 4347 857 4391 66666
887 4326 1025 4408 Onosis,
1055 4349 1098 4390 66
1130 4349 1285 4392 ursino.
1308 4327 1423 4393 corree-

327 4439 377 4497 tor
408 4430 556 4515 quadrati
589 4451 794 4494 susurrus.
817 4429 875 4496 sed
907 4451 1032 4494 66666
1064 4439 1141 4498 ante
1175 4451 1246 4498 eum
1280 4437 1311 4496 et
1335 4422 1424 4492 italos

327 4541 486 4602 corrector
508 4533 660 4615 oblongi,
684 4533 716 4598 iu
739 4553 803 4616 quo
826 4533 931 4617 prima
952 4553 1049 4598 maun
1072 4543 1121 4600 est
1142 4559 1251 4600 amor.
1275 4537 1422 4618 postremo
