3052 5150
633 395 681 462 III
1150 398 1212 463 147

123 565 200 632 locri
221 586 256 633 se
276 565 373 632 huius
395 565 619 634 emendatione
641 567 815 654 expolitum
832 565 996 653 exemplar
1013 565 1123 634 nescio
1146 568 1215 652 qui-

123 667 171 733 bus
190 669 309 736 artibus
331 675 461 736 nactum
484 669 578 736 esse?
599 689 675 736 narn
690 669 884 756 praelationi
899 669 1032 736 Avantii
1054 669 1215 756 subscrip

16 808 20 829 ι
121 777 176 836 tun
189 780 235 839 est
248 773 326 838 Kal.
340 773 472 839 Martia
485 795 563 838 uro.
579 771 735 840 Marullus
754 778 862 839 autem
876 771 974 858 periit
987 791 1098 838 mense
1110 771 1216 856 Aprili

16 879 21 956 i
122 874 185 939 anni
206 896 270 940 uo.

195 979 264 1045 100.
287 998 388 1050 ouon
416 993 672 1044 rncrnruos.
694 977 878 1060 Quadratus
901 980 1011 1046 tatr'at.
1027 977 1122 1044 huius
1149 996 1216 1044 cor-

17 1097 20 1116 ’·
121 1088 211 1148 rector
233 1089 264 1148 et
285 1082 465 1148 Brixiensis
487 1082 585 1149 editio
608 1104 764 1148 sacrun.

195 1186 264 1252 106.
288 1184 413 1251 Sanun
436 1207 576 1258 runoun
598 1208 635 1250 ru
657 1207 833 1251 recursu
856 1205 996 1251 coneus
1013 1205 1113 1257 ouon
1130 1205 1216 1248 cuu-

120 1307 219 1352 nrrun
239 1309 416 1355 subeunt.
434 1289 617 1368 Quadratus
643 1292 678 1356 in
697 1303 869 1378 prompto.
889 1289 1115 1373 grammaticus
1143 1286 1217 1353 Vin·

16 1386 18 1395 '
121 1387 302 1457 (lehonensis
318 1390 533 1458 Eichenfeldii
549 1412 580 1477 p.
600 1391 661 1458 172
675 1393 840 1478 Acprcccit
854 1417 875 1458 a
897 1393 987 1459 verbo
1009 1403 1135 1479 aequet.
1151 1391 1216 1456 Lu·

119 1495 222 1560 celibe
236 1494 339 1581 Saepe
354 1495 461 1580 itaque
475 1497 510 1560 in
521 1508 641 1582 proptu
655 1517 769 1582 corpus
785 1494 871 1582 qood
880 1519 1040 1563 ememus
1055 1514 1216 1561 uuonan.

14 1605 15 1673 Ῑ
119 1619 218 1682 aepreo
233 1611 337 1663 tamen
352 1595 468 1662 dictum
484 1621 546 1664 con
561 1611 625 1664 ecl.
642 1595 818 1664 Lambinus
833 1598 974 1664 editione
989 1597 1095 1683 prima
1108 1598 1146 1678 Jet
1167 1614 1216 1670 se,-

13 1775 14 1784 Ὶ
120 1698 214 1764 cunda
229 1723 360 1788 aeprom
383 1713 428 1765 est
448 1699 595 1784 scripsit,
618 1719 689 1765 curn
710 1707 798 1766 recte
820 1701 974 1768 sensisset
986 1699 1168 1764 Lucretium
1185 1699 1219 1764 in

13 1791 14 1808 ¹
119 1799 227 1868 talibus
242 1801 376 1868 verbum
396 1802 629 1868 substantivum
651 1823 715 1868 non
739 1804 904 1869 omittere:
919 1802 1014 1868 tertia
1036 1807 1143 1867 autem
1158 1801 1220 1866 hoc

13 1908 18 1987 ξ
119 1920 180 1969 asc
194 1903 360 1970 inventum
376 1905 495 1971 oblitus
511 1905 557 1970 ita
575 1905 610 1970 in
630 1907 754 1989 aliquot
775 1905 866 1972 libris
889 1905 1028 1988 vulgatis
1051 1904 1116 1986 legi
1133 1903 1217 1969 falso

14 2022 18 2063 r
120 2007 231 2072 rettulit
246 2013 279 2072 ct
292 2006 472 2073 inridenda
495 2007 648 2073 felicitate
671 2007 792 2091 ingenii
816 2006 892 2073 iecit
912 2008 1034 2094 capric,
1058 2003 1219 2090 quomodo

13 2153 15 2190 r
119 2107 172 2175 hoc
190 2109 325 2193 verbum
348 2110 423 2176 libri
445 2111 598 2196 scripturn
621 2110 773 2176 exhibent
794 2129 889 2177 versu
911 2109 996 2176 824.
1116 2135 1125 2150 ·

14 2203 15 2210 ¹
196 2211 269 2280 108.
291 2233 352 2276 rur
375 2215 603 2302 un1.ltalijit
623 2235 706 2280 οτι.

196 2317 268 2383 118.
291 2335 415 2387 usouu
446 2337 643 2381 annuorum
676 2337 819 2380 coprus
850 2337 1029 2380 russanen
1056 2336 1220 2383 sonuere.

119 2417 171 2485 llic
195 2417 417 2485 Wakefieldus
449 2418 631 2486 laudandus
664 2425 731 2504 est,
765 2419 820 2503 qui
852 2419 941 2485 solus
967 2419 1106 2504 viderit,
1134 2417 1222 2504 quod

118 2521 236 2606 priores
259 2522 397 2607 turpiter
419 2519 598 2608 fefellerat,
626 2521 799 2606 legendum
827 2541 898 2588 esse
919 2523 1088 2589 harmonio
1108 2545 1223 2610 corpor

118 2644 301 2689 sensuras
324 2625 444 2692 solere.

14 2749 15 2758 ¹
91 2779 96 2790 .
198 2729 270 2794 131.
294 2747 421 2791 anons
443 2747 638 2792 sinuosus
661 2727 799 2794 Nouus
820 2747 868 2791 sn
891 2748 1106 2793 onuuurcos
1128 2748 1223 2791 sunu

13 2833 16 2857 ²
118 2851 289 2895 ussurus
301 2851 481 2894 unurcoru
493 2879 501 2896 .
512 2829 685 2896 corrector
697 2829 846 2914 quadrati
859 2831 1042 2896 harmoniai
1045 2879 1053 2895 .
1064 2831 1098 2895 in
1110 2828 1224 2896 eodem

11 2935 16 3008 l
118 2932 194 2999 libro
217 2933 264 3000 ari
284 2934 450 3020 orpam'cor
465 2933 570 3018 coito,
595 2939 626 2997 ct
640 2933 745 3017 prima
760 2952 857 2998 manu
872 2931 979 2998 statim
996 2932 1114 2999 factum
1129 2933 1225 2998 salto:

119 3035 244 3120 oblongi
279 3042 439 3102 corrector
473 3037 511 3101 ab
538 3037 687 3122 erquerico
714 3035 794 3102 coito
812 3083 820 3102 .
840 3036 881 3102 de
907 3036 1060 3101 Heliconi
1083 3033 1225 3100 ablativo

120 3136 278 3224 disputari
302 3138 346 3203 ad
367 3137 483 3204 librum
506 3161 526 3224 1,
544 3139 627 3205 739.
644 3144 711 3203 tum
733 3145 819 3205 recte
842 3138 1005 3204 Bentleius
1027 3157 1144 3201 auno:
1167 3135 1226 3202 sed

119 3237 218 3325 idern,
246 3259 319 3308 cum
343 3242 383 3305 ob
408 3241 441 3306 in
469 3241 633 3307 codicibus
660 3261 732 3308 esse
761 3240 925 3325 crederet,
953 3239 1074 3306 frustra
1099 3239 1228 3324 scripsit

120 3341 155 3406 ob
176 3344 361 3430 erpanicir.
377 3347 476 3428 polita
491 3343 577 3409 enim
599 3343 660 3408 hoc
682 3343 778 3428 dicit,
802 3343 940 3408 musicos
963 3340 1151 3408 harmoniae
1172 3360 1228 3408 ro-

11 3519 12 3538 ¹
121 3443 264 3511 eubulum
287 3445 341 3511 rel
364 3465 384 3511 a
405 3445 518 3530 primis
539 3446 617 3511 artis
638 3465 717 3512 sune
733 3445 954 3513 inventoribus
969 3445 1123 3511 traditum
1139 3463 1229 3510 acce·

11 3567 12 3616 l
120 3547 203 3630 pisse
226 3549 278 3614 rel
302 3547 408 3633 potius
431 3547 565 3613 aliunde
587 3567 609 3613 a
631 3549 789 3614 communi
810 3549 1053 3616 convenientiae
1068 3545 1228 3632 signifiea-

11 3693 12 3696 ,
121 3649 204 3716 tione
227 3649 401 3716 deductum
424 3651 514 3735 ipsos
537 3669 633 3734 porro
657 3651 804 3717 insnum
827 3672 918 3717 usum
941 3651 1102 3718 traxisse.

204 3752 275 3820 135.
299 3751 498 3832 Qurnouru
532 3774 596 3816 nsr
615 3803 623 3818 .
644 3753 811 3820 corrector
845 3754 977 3836 oblongi
1006 3751 1167 3840 Quicquid
1199 3757 1232 3832 et

120 3853 169 3920 hic
182 3863 214 3922 et
228 3857 262 3922 in
284 3877 315 3942 v,
330 3855 408 3940 577,
430 3855 539 3938 itaque
554 3856 658 3940 prima
676 3877 771 3923 mann
785 3864 920 3940 uterque
942 3856 976 3922 in
998 3877 1029 3941 v,
1048 3856 1150 3940 1252,
1166 3875 1232 3920 non

11 4003 12 4008 η
122 3963 221 4025 recte:
245 3957 304 4025 scd
332 3957 446 4024 ceteris
473 3957 553 4024 locis
576 3966 661 4025 reete
684 3958 846 4025 adiectum
868 3981 926 4044 ro,
952 3957 1039 4043 quod
1062 3959 1095 4024 in
1117 3957 1178 4024 hoc
1201 3963 1234 4025 et

123 4059 193 4126 ltali
215 4068 248 4128 et
268 4061 418 4146 impressi
441 4079 552 4126 omnes
574 4060 715 4128 habent.

206 4164 277 4231 136.
301 4182 510 4228 conruens.
526 4161 581 4228 Sic
602 4164 708 4250 prima
729 4183 827 4229 manu
850 4162 1032 4246 oblongus:
1056 4163 1234 4248 quadratus

124 4267 256 4332 corsicae
270 4317 278 4332 .
294 4268 329 4332 in
352 4269 488 4348 utroque
510 4263 631 4332 sactum
654 4287 889 4331 couruucru.

207 4367 277 4434 145·
301 4369 423 4438 IDQUE
444 4388 521 4432 SIBI
543 4389 663 4434 sonus(
685 4391 755 4432 PER
777 4391 818 4433 SE
841 4389 949 4432 SAPIT
972 4389 1046 4432 SIBI
1065 4387 1235 4432 GAUDET.

125 4469 193 4534 llsli
208 4477 242 4536 ct
262 4471 411 4556 impressi
434 4483 462 4538 et
484 4473 549 4537 cibi
558 4519 565 4536 .
582 4473 688 4558 aptius
705 4479 755 4540 est
770 4471 857 4557 quod
872 4469 1096 4538 Wakefieldus
1118 4469 1235 4556 voluit,

127 4592 161 4634 ro
183 4573 250 4638 cabi
264 4572 403 4662 pandet.

969 4675 1037 4742 10*
