3052 5150
323 343 383 410 126
858 344 890 410 11

404 513 477 580 905.
508 533 606 584 onan
632 533 787 584 eunoun
813 534 978 580 vrnnnns
999 514 1186 582 Monuni.
1215 517 1311 584 Immo
1338 543 1409 604 quoa

320 635 467 680 cusona
489 614 631 681 vr'damas
653 615 770 680 Mollia
792 616 923 681 mortali
940 620 1108 684 consistere
1129 642 1258 706 corporo
1277 632 1372 686 oratu.

287 799 293 808 .
405 718 478 782 908.
504 737 651 781 nnnnnn
680 737 751 781 sur
778 737 921 782 sensns
949 741 1080 784 rsarrs
1102 741 1249 786 nunnus
1271 721 1343 786 Aur
1364 743 1410 785 sr-

318 840 420 883 urum
442 839 554 883 roura
577 838 807 883 snrusmnus
829 839 917 884 nssn
939 842 1075 886 nunnus
1094 871 1102 886 .
1122 821 1247 890 sonita
1267 823 1412 907 oblongus

321 930 353 989 et
375 922 451 987 olim
473 922 643 1008 impressit
666 919 843 1005 quadratus
865 929 898 988 et
913 924 1070 990 Antonius
1085 925 1179 992 Marii
1200 926 1319 992 simila
1333 975 1340 990 .
1354 926 1412 990 lla·

318 1025 421 1091 rullus
436 1025 503 1090 Aut
518 1025 641 1090 missilia
663 1026 753 1106 atri,
776 1023 891 1090 eodem
913 1043 1021 1092 errore
1042 1045 1107 1110 quo
1128 1046 1229 1112 supra
1243 1027 1304 1094 693
1324 1027 1412 1112 scrip

317 1134 405 1193 serat
426 1125 488 1192 duo
509 1127 573 1190 sint
595 1149 634 1190 eor
655 1125 798 1190 omnibus
824 1125 957 1192 eodan.
980 1126 1183 1194 scribendum
1211 1135 1263 1195 est
1287 1131 1350 1195 Aut
1372 1150 1414 1192 sr-

316 1251 396 1294 urnn
418 1231 490 1295 totis
512 1227 704 1293 animalibus
726 1227 849 1294 soilioet
869 1247 967 1294 sensu
989 1253 1054 1295 aare
1069 1231 1205 1317 putari.

402 1331 475 1398 910.
498 1333 577 1394 Aur
598 1349 821 1400 nsonnnnu.
843 1329 999 1396 Marullus
1020 1331 1095 1398 Ar:
1123 1332 1182 1399 sed
1204 1331 1291 1400 idem
1312 1351 1413 1418 perpe·

317 1455 384 1501 ram
404 1435 546 1522 parterii.

401 1536 475 1602 911.
504 1536 664 1606 Nsuoun
694 1555 806 1599 suros
837 1555 972 1600 anneus
1000 1556 1236 1602 unuanoann
1266 1559 1414 1601 ansrurr

316 1659 452 1704 ouras.
476 1636 660 1716 Quadratus
683 1637 792 1703 alim.
816 1637 895 1722 quid
917 1643 1014 1723 potita
1036 1639 1175 1706 voluerit
1196 1639 1330 1706 dubium
1351 1658 1415 1706 esse

316 1761 379 1806 non
407 1747 534 1826 potest:
561 1745 660 1822 negat
686 1739 772 1805 enim
798 1740 941 1806 membra
969 1741 1099 1824 singula
1126 1759 1275 1807 seorsum
1304 1743 1414 1808 sentiro

314 1863 431 1930 posse,
446 1842 567 1927 quippe
582 1860 665 1924 quae
681 1840 723 1907 ad
739 1841 829 1906 aliud
844 1840 1043 1927 reserantur,
1061 1842 1120 1908 hoa
1135 1848 1185 1908 est
1200 1841 1244 1908 ad
1261 1845 1414 1910 animam.

314 1966 420 2030 nequa
441 1945 502 2011 hoo
523 1942 657 2010 difficile
680 1949 784 2010 estex
800 1944 907 2011 verbis
925 1944 1040 2012 leviter
1054 1944 1213 2030 corruptis
1228 1947 1414 2012 extundere.
1510 2029 1511 2038 ἵ

313 2048 443 2134 scripsit
468 2051 566 2132 polita
591 2047 738 2132 Namque
759 2066 847 2110 suno
876 2070 987 2112 eamus
1012 2047 1218 2114 menbrorum
1248 2069 1414 2114 nnsrrcrr

312 2152 437 2218 omum.
460 2149 602 2234 priorum
625 2153 757 2214 oonatus
780 2147 966 2214 examinare
988 2148 1068 2214 nihil
1090 2149 1225 2216 attinet.

398 2253 472 2319 923.
500 2251 563 2316 Sro
578 2271 713 2314 rrronn
728 2271 800 2322 ons
816 2271 998 2315 snunruus
1015 2271 1172 2316 assuras
1187 2251 1413 2320 snonssss'n.

312 2355 498 2438 Quadratus
513 2353 769 2440 Sauadquae:
789 2359 949 2419 eorreator
968 2351 1119 2437 quadrati
1140 2354 1249 2422 Sroats'
1261 2355 1414 2442 donique.

311 2459 512 2528 verissimum
539 2463 588 2524 est
615 2455 702 2540 quod
728 2454 827 2522 habet
849 2455 1030 2540 oblongus,
1053 2455 1111 2522 sed
1134 2456 1175 2522 ab
1198 2473 1238 2522 eo
1263 2459 1336 2524 loeo
1358 2477 1414 2542 quo

310 2564 464 2648 seriptum
485 2560 603 2643 legitur
625 2558 794 2624 alienum.
815 2559 925 2642 itaque
946 2557 1026 2626 haee
1048 2556 1091 2624 ad
1112 2559 1288 2643 superiora
1307 2561 1414 2628 reterri

310 2666 449 2732 debent.
472 2663 539 2748 sio,
562 2662 685 2746 inquit,
713 2661 740 2727 si
767 2660 946 2746 primordia
974 2659 1051 2726 totis
1079 2660 1275 2728 animalibus
1302 2661 1415 2728 similia

310 2775 386 2834 sunt
407 2785 524 2850 sensu,
548 2783 693 2847 eaquae
715 2783 775 2830 nos
796 2763 952 2830 sentimus
973 2761 1083 2829 itidem
1105 2763 1249 2830 sentiunt
1272 2813 1280 2830 .
1309 2785 1349 2832 ex
1362 2762 1416 2848 ,his

310 2877 418 2937 autem
441 2868 519 2951 quia
540 2867 744 2950 consequitur
758 2885 799 2932 ea
812 2867 963 2932 mortalia
977 2883 1105 2951 quoque
1120 2884 1215 2950 esse,
1239 2867 1349 2934 statim
1371 2887 1415 2932 su-

309 2974 388 3040 bioit
409 2976 507 3057 polita
527 2969 594 3048 Qus·
604 2981 756 3056 poterant
777 2971 876 3055 ipsias
890 2991 996 3034 rorum
1008 2966 1190 3054 pasnadio
1204 2967 1294 3052 dr'or',
1310 2969 1352 3034 Et
1366 2969 1417 3034 loti

309 3078 410 3142 vitare
430 3074 521 3150 viam
543 3071 701 3136 animalia
722 3095 792 3136 oam
814 3072 879 3136 aiot

394 3175 468 3242 918.
495 3177 633 3244 anons
660 3193 887 3238 nsrusnnnus
913 3193 1151 3238 nouusnrnns
1178 3193 1251 3238 uss
1276 3195 1414 3238 ssoru-

309 3277 409 3350 ausr
439 3277 499 3342 nis
525 3275 682 3341 nuruum
710 3276 815 3363 neque
842 3276 1033 3342 animarem
1058 3277 1122 3342 aa
1143 3277 1334 3344 mamam
1355 3299 1413 3342 aaa
1509 3253 1510 3304 ¹

308 3381 496 3466 cadensque,
511 3379 582 3446 siue
596 3397 694 3444 sensu
710 3427 717 3442 .
737 3397 843 3462 neque
857 3377 970 3444 melius
986 3377 1207 3445 Wakefieldus
1222 3379 1414 3446 animalitas

306 3486 342 3549 ia
362 3482 570 3565 mortalitem
591 3479 679 3564 quod
701 3479 743 3546 ab
758 3481 979 3566 Havoroampo
1001 3481 1157 3565 sumpsit,
1173 3480 1229 3564 qui
1253 3479 1340 3548 salso
1361 3477 1412 3545 ad·

306 3583 417 3650 aadbit
438 3583 579 3667 oblongo
596 3631 604 3650 .
620 3581 791 3667 legendum
812 3589 862 3648 est
876 3582 1032 3650 animalia
1046 3607 1115 3648 eam
1129 3585 1194 3650 siat
1215 3581 1411 3668 primordia,

306 3687 421 3773 Adqua
443 3705 624 3750 sannaus
652 3707 734 3750 annu
756 3685 941 3750 mortalibus
962 3709 1028 3752 aaa
1050 3685 1239 3772 eademqne,
1262 3686 1325 3753 hoo
1346 3691 1410 3766 ost,

307 3797 339 3856 et
360 3808 432 3854 oum
454 3809 506 3854 res
528 3788 691 3854 animatae
712 3807 778 3854 non
800 3785 953 3853 differant
973 3807 995 3854 a
1016 3787 1227 3854 mortalibus.

391 3892 464 3957 919.
498 3911 692 3956 nnnoannu
726 3909 1010 3962 concurrooun.
1031 3889 1209 3956 Brixiensis
1241 3890 1344 3956 editio
1374 3889 1410 3954 ab

306 4017 340 4058 eo
362 3995 464 4076 coita,
480 3993 605 4059 Veneta
625 3995 665 4058 ab
688 4016 722 4059 eo
737 4007 807 4059 orta
817 4043 826 4076 ,
843 3991 1001 4058 Marullus
1023 3993 1063 4058 ab
1084 4007 1171 4058 aeota
1185 4039 1194 4057 .
1210 3991 1296 4058 huuc
1317 3993 1410 4059 cotem

304 4097 405 4161 seautl
432 4103 526 4162 sunt:
555 4094 614 4161 sed
642 4115 713 4162 oum
736 4096 902 4162 Lueretius
929 4102 1005 4162 ante
1032 4120 1049 4160 o
1075 4095 1213 4162 litteram
1241 4115 1410 4182 sempera

304 4196 441 4280 dixerit,
457 4221 478 4262 u
492 4199 598 4274 ouria,
612 4223 635 4264 a
649 4200 754 4280 caelo,
777 4223 798 4262 a
813 4199 913 4282 caeli,
937 4223 958 4263 a
972 4209 1075 4280 certo,
1097 4223 1118 4262 a
1133 4221 1284 4284 corpore,
1306 4200 1409 4283 potius
1508 4235 1509 4242 .

303 4299 509 4367 scribendum
531 4307 581 4365 est
595 4300 687 4379 Quod
708 4315 810 4366 tamen
833 4313 867 4365 at
881 4303 1029 4387 possint,
1052 4321 1098 4364 sn
1120 4321 1244 4364 consu
1267 4302 1409 4368 condrino

303 4427 363 4490 que
384 4402 444 4466 Nil
454 4402 601 4490 fuerent.
