3020 5146
34 657 224 736 allatumque
245 653 331 720 suris
354 651 482 718 aliunde
505 651 629 718 obiecta
650 649 784 734 alienis,

34 771 79 835 sed
98 769 205 854 pariter
229 770 331 853 prims
353 775 505 851 concepta
528 765 569 831 ab
593 765 715 848 origine
738 764 849 828 mundi

34 891 159 965 certaque
180 903 253 968 pars
275 883 364 966 eius,
382 883 474 964 quasi
497 881 588 948 nobis
612 880 775 962 membra,
792 877 961 944 vitientur.

34 1005 172 1082 practerea
197 996 310 1078 grandi
332 997 450 1060 tonitru
474 1015 630 1060 concussa
652 1001 782 1079 repente

34 1119 97 1176 terra
117 1132 206 1196 supra
228 1097 310 1193 quse
333 1129 368 1175 se
391 1115 465 1174 sunt
486 1110 623 1174 concutit
645 1109 753 1174 omnia
775 1115 883 1184 motu;

34 1227 96 1306 quod
117 1227 213 1292 lacere
235 1227 313 1291 haut
335 1225 404 1290 ulls
425 1229 535 1308 posset
556 1223 701 1306 ratione,
718 1223 779 1288 nisi
803 1231 887 1288 esset

34 1342 146 1422 pambus
167 1341 259 1406 aeriis
282 1340 390 1404 mundi
414 1338 568 1420 caeloque
591 1338 753 1402 revincta:

34 1473 88 1517 mm
108 1455 318 1521 eornmunibus
340 1454 423 1519 inter
445 1474 479 1518 se
502 1452 663 1518 radicibus
685 1452 820 1517 haerent

34 1589 61 1632 er
78 1572 190 1636 ineunte
210 1589 291 1636 aevo
316 1570 483 1634 coniuncta
506 1575 602 1649 atque
625 1567 729 1632 uniter
751 1575 846 1650 apta.
954 1573 970 1606 ⁹

34 1701 113 1748 nenne
133 1685 216 1750 vides
238 1685 335 1750 ctiam
358 1703 454 1765 quam
475 1703 591 1763 magno
614 1681 756 1766 pondere
778 1681 872 1746 nubis

34 1801 157 1864 sustineat
177 1819 293 1884 corpus
317 1797 504 1864 tenuissima
524 1796 573 1872 vis
596 1795 714 1860 animai

34 1921 168 1996 propterea
189 1915 266 1996 quis
288 1919 357 1978 tsm
379 1912 548 1980 coniuncta
570 1919 667 1991 atque
690 1909 795 1974 uniter
816 1915 890 1993 epta
915 1911 989 1974 est‘?

34 2023 140 2109 denique
160 2029 221 2092 ism
244 2028 332 2093 saltu
358 2026 479 2110 pernici
501 2025 614 2090 tollere
637 2044 751 2109 corpus

37 2143 87 2220 quid
104 2143 178 2226 potis
200 2151 249 2208 est
272 2141 335 2206 nisi
357 2141 405 2205 vis
427 2141 544 2223 animi,
562 2160 644 2221 quae
668 2141 810 2204 membra
832 2141 1016 2222 gubernat?

39 2251 110 2322 ianus
127 2257 213 2322 vides
237 2263 394 2339 quantum
415 2255 520 2320 tenuis
542 2263 657 2318 natura
677 2253 786 2319 valere
968 2321 974 2332 ,

41 2371 121 2447 possit,
136 2373 187 2436 uh'
210 2377 260 2437 est
285 2369 453 2435 coniuncta
475 2367 568 2450 gravi
591 2387 837 2453 cum‚corp0re,
854 2376 888 2433 ut
911 2377 966 2436 abr

40 2483 182 2552 coniunctus
203 2485 300 2550 terris
322 2491 353 2548 et
375 2483 467 2548 nobis
491 2491 539 2548 cst
561 2483 658 2548 animi
680 2484 755 2548 vis?

61 2596 111 2662 l'ec
130 2601 223 2666 nimio
247 2599 327 2664 solis
350 2599 451 2662 maier
473 2603 544 2662 rota
565 2616 624 2662 nee
646 2597 749 2662 minor
771 2597 868 2661 ardor

34 2725 83 2776 esse
100 2721 215 2798 potest,
233 2713 352 2778 nostris
375 2733 472 2794 quam
495 2712 641 2777 sensibus
663 2730 735 2776 esse
757 2711 901 2776 ridetur.

34 2841 84 2888 usur
104 2829 211 2909 quibus
234 2848 253 2894 e
279 2827 392 2910 spatiis
415 2846 550 2910 cumque
573 2825 665 2909 ignes
688 2825 809 2890 lumina
831 2833 965 2909 possunt

34 2937 128 3005 adicere
149 2949 180 3006 et
201 2942 342 3007 calidum
365 2941 514 3006 membris
536 2939 659 3004 adflare
681 2958 853 3022 vaporem,

34 3051 158 3121 sileain
179 3057 227 3122 his
250 3055 428 3122 intervallis
451 3055 491 3120 de
513 3073 646 3138 corpure
670 3053 770 3116 libant

34 3161 217 3250 birriarum,
233 3171 280 3236 nil
302 3171 344 3234 sd
367 3169 505 3254 speciem
528 3175 577 3233 est
599 3166 792 3233 contractior
813 3167 917 3249 ignis.

34 3283 154 3362 preinde,
170 3286 259 3352 calor
283 3285 434 3366 quonism
457 3284 534 3348 selis
557 3282 728 3364 lumenque
751 3283 914 3366 profusum

34 3401 187 3476 perveniunt
209 3407 337 3466 nostros
359 3399 400 3464 ad
422 3418 536 3466 seusus
560 3403 591 3462 et
612 3398 685 3463 leus
706 3399 867 3474 mulcent,

34 3505 106 3576 imma
126 3535 250 3596 quoque
276 3513 348 3578 binc
369 3515 446 3580 solis
469 3514 564 3580 debet
584 3516 735 3598 filumque
757 3512 878 3588 videri,

34 3621 58 3684 sil
77 3627 147 3695 adeo
170 3637 204 3695 ut
225 3630 332 3716 possis
355 3629 427 3714 plus
449 3637 505 3696 sut
526 3631 630 3696 minus
652 3630 791 3709 addere,
809 3646 906 3692 vere.

34 3755 141 3822 ¹urnaque
162 3745 229 3810 sive
254 3745 349 3808 notho
372 3743 472 3810 fertur
492 3744 565 3810 loca
588 3745 705 3810 lumine
728 3744 890 3818 lustrans,

34 3847 175 3923 besuam
199 3859 330 3942 proprio
353 3857 453 3922 iactat
475 3858 515 3923 de
538 3877 670 3941 corpore
693 3857 818 3934 lucem,

35 3965 155 4050 ruitquiu
176 3972 209 4036 id
233 3977 301 4055 est,
320 3971 385 4036 uilo
409 3971 508 4038 fertur
529 3971 649 4036 maiore
672 3970 774 4053 ligura

34 4263 61 4310 iil
74 4282 142 4330 supr-u
162 4268 176 4336 Η
197 4273 248 4320 558
262 4271 314 4320 seri
335 4269 348 4340 Η
369 4275 419 4322 555
433 4279 525 4321 suctu.
540 4270 554 4339 Η
575 4275 624 4322 556
638 4283 710 4337 septu
724 4272 738 4340 Η
752 4275 802 4348 5516
816 4272 916 4338 pernice
930 4271 945 4341 Η
960 4275 1010 4322 560
1024 4271 1088 4334 Quis
1108 4272 1120 4339 Η

34 4349 106 4400 ullusne
123 4353 136 4424 Η
155 4361 206 4406 563
226 4360 369 4408 Coniuncta
389 4357 402 4427 Η
424 4363 473 4410 567
493 4361 612 4409 Asilicere
636 4359 650 4426 Η
675 4363 725 4408 566
745 4360 814 4408 Nihil
833 4359 882 4408 nisi
902 4361 1039 4410 intervallis
1060 4357 1073 4426 Η
1092 4360 1123 4408 li-

34 4449 96 4486 666.
116 4450 128 4510 Η
148 4449 198 4492 5ῖ6
219 4446 333 4508 fulgent.
355 4445 367 4515 Η
388 4451 436 4496 bil
458 4448 570 4510 ilumquc
591 4447 602 4514 Η
624 4451 698 4496 etl:
721 4451 788 4496 510.
809 4445 823 4516 Η
842 4451 892 4496 bre
912 4463 957 4498 suu
