3096 5142
661 397 707 462 IV
1175 399 1235 464 221

145 565 224 632 cretii
245 587 311 631 xxv
333 572 365 633 et
387 565 517 652 capituli
545 537 732 633 titulasse
761 567 898 651 primum
921 567 1050 652 quidem
1073 565 1134 631 hoc
1157 566 1237 650 luit,

144 668 272 747 Quorum
286 694 383 736 unum
398 669 526 757 quidest
542 669 649 736 leviter
663 669 788 756 ciforte
809 669 929 735 duobus
944 670 1093 756 Attiopos
1108 667 1239 753 diuiteb,

144 768 171 833 in
192 789 260 836 eam
283 771 474 838 sententiam
496 791 591 855 quem
606 771 765 838 Homerus
787 771 821 836 in
837 769 993 836 inlinitum
1015 771 1106 836 auxit
1120 769 1161 836 de
1183 792 1239 836 un·

24 884 25 887 ’
143 881 251 954 guento
267 875 399 940 Iunonis
422 874 532 940 dicens
559 875 628 940 Τοῦ
649 873 706 940 καὶ
731 872 919 956 κινυμένοιο
942 872 1029 953 Διὸς
1050 871 1135 940 κατὰ
1155 873 1239 954 χαλ-

142 976 272 1058 κοβατὲς
299 977 349 1043 δῶ
364 969 495 1063 ’Ἐμπης
520 973 554 1056 ἐς
579 971 677 1063 γαῖάν
699 1001 736 1044 τε
762 976 818 1044 καὶ
841 970 981 1063 οὐρανὸν
1006 969 1084 1042 ἵκετ’
1109 968 1238 1063 ἀυτμή.

142 1075 245 1170 borum
267 1080 367 1163 igitur
390 1081 548 1146 clementa
562 1081 773 1146 subtilissima
794 1100 866 1147 esse
889 1080 1036 1158 dicebat,
1054 1084 1086 1145 et
1108 1078 1238 1144 omnino

141 1177 178 1246 τὰ
198 1175 324 1248 εἴδωλά
337 1185 411 1260 ταῖς
426 1175 624 1269 λεπτότησιν
644 1176 907 1271 ἀνυπερβλήτοις
922 1182 1125 1269 κεχρῆσθαι,
1142 1187 1176 1246 ut
1191 1187 1240 1248 est

142 1283 221 1367 apud
241 1285 406 1352 Laertium
428 1306 459 1368 n,
472 1287 513 1351 47
528 1334 535 1350 .
551 1283 806 1354 videruntamcn
828 1285 878 1351 his
900 1285 1059 1351 adiecisse
1082 1309 1147 1350 cese
1167 1285 1241 1350 item

141 1387 256 1452 moebro
277 1387 471 1471 simulacra,
489 1387 611 1453 scilicet
633 1407 651 1452 c
673 1387 781 1452 multis
804 1395 901 1471 atquc
916 1386 1092 1452 innumeris
1107 1386 1191 1451 inter
1205 1405 1241 1452 se

141 1487 311 1555 coniunctis
327 1489 462 1574 effecta,
483 1497 518 1555 nt
533 1489 689 1574 fulgorem
705 1489 791 1573 ignis
807 1489 962 1573 aetherii,
979 1477 1041 1574 q'rm
1064 1489 1147 1554 inter
1161 1488 1242 1552 toni·

141 1593 237 1655 buum
260 1592 385 1657 sonitus
408 1593 518 1658 omnia
539 1577 735 1678 occupentur
750 1597 781 1657 et
804 1591 1047 1674 contineantur,
1068 1611 1133 1662 our
1155 1609 1241 1653 rur.-

140 1711 221 1754 lllllll
243 1714 363 1758 CLARO
379 1693 501 1761 Ouum
517 1716 585 1758 PER
600 1715 755 1760 somnus
778 1712 1239 1778 ancuu,u1trt1thas,uhatt,

54 1825 63 1848 ·
141 1813 304 1882 cernon.
325 1801 520 1880 postremum
542 1803 612 1862 crat
632 1796 712 1882 hoc,
729 1816 800 1862 cum
822 1803 913 1862 tanta
934 1797 976 1861 sit
998 1795 1241 1861 simulacrorum

140 1895 318 1981 subtilitas,
334 1897 402 1964 fieri
425 1918 489 1964 non
511 1918 609 1984 posse
630 1905 668 1990 ut·
682 1899 810 1982 singula
832 1897 979 1964 sensibus
1002 1897 1118 1963 nostris
1141 1896 1241 1980 perci-

140 1998 286 2082 pientur,
303 2000 423 2086 quippe
438 2025 529 2067 coeco
544 2025 656 2084 cesse,
672 2000 758 2084 quod
781 2001 876 2066 estin
892 2020 988 2066 versu
1006 1999 1065 2064 128
1079 2048 1087 2064 .
1101 1999 1182 2064 haec
1196 1999 1243 2064 ita

139 2099 202 2167 fere
224 2121 245 2168 a
266 2107 367 2187 pocta
389 2105 537 2189 exposita
559 2103 660 2168 luisse
675 2103 769 2169 certis
792 2102 920 2168 indiciis
935 2103 1005 2168 sine
1026 2101 1096 2167 ulla
1117 2101 1241 2167 dubita·

139 2203 221 2270 tione
236 2223 470 2288 cognoscamus
491 2205 586 2270 licet.
602 2205 707 2290 prima
729 2205 823 2270 huius
843 2204 914 2270 libri
937 2205 1060 2290 pagina
1074 2203 1107 2268 in
1131 2202 1242 2269 codice

141 2324 176 2370 eo
197 2326 237 2372 cx
259 2325 326 2390 quo
349 2307 449 2373 nostri
471 2307 621 2393 descripti
644 2313 718 2372 sunt
734 2305 871 2372 indicem
895 2307 1104 2392 capitulorum
1118 2303 1240 2388 tenuit,

139 2427 228 2490 quem
256 2408 361 2475 codex
387 2407 548 2493 oblongus
574 2409 608 2474 in
633 2429 746 2475 versus
768 2431 846 2473 xxvr
874 2409 1066 2494 dispositum
1093 2407 1239 2473 exhibet:

140 2529 209 2576 nam
231 2512 314 2578 baec
328 2530 412 2597 qnae
435 2511 636 2578 subiecturus
651 2531 721 2577 sum
740 2513 871 2595 singula
885 2511 1005 2594 singuli
1019 2505 1132 2577 versus
1147 2513 1241 2594 sont,

323 2647 339 2700 'l
357 2648 396 2702 De
414 2647 546 2703 celeritate
564 2651 637 2701 tuctu
655 2647 738 2701 rideri

307 2736 337 2788 ll
357 2736 395 2790 lle
413 2737 499 2789 turbis
517 2736 549 2791 de
567 2737 660 2790 umbra
677 2737 791 2790 bominis

307 2823 339 2876 lb
357 2824 396 2876 De
414 2823 511 2877 auditis
529 2839 677 2892 corpoream
696 2841 753 2878 csse
770 2839 860 2877 rocem

306 2911 340 2964 24
358 2911 396 2962 Dc
415 2911 571 2964 ambulando
642 2912 680 2965 Dc
698 2925 807 2964 somno.

139 3029 170 3094 in
190 3048 310 3097 aversa
330 3029 454 3114 pagina
481 3029 541 3096 suit
567 3031 703 3116 primum
730 3029 861 3112 titulus,
883 3028 956 3094 sect
978 3029 1241 3095 iucundissimum

140 3157 220 3217 eece,
237 3137 365 3214 cetera,
383 3151 467 3214 quae
487 3133 578 3216 quasi
600 3133 738 3217 primum
753 3131 848 3198 huius
870 3131 945 3197 libri
964 3151 1092 3199 versum
1115 3132 1243 3198 exhibet

139 3235 314 3318 oblongos,
331 3233 508 3318 quadratus
523 3236 623 3300 minio
639 3235 759 3319 scripta
777 3233 955 3301 uncialibus
972 3234 1107 3319 litteris,
1124 3234 1242 3300 deinde

139 3356 246 3404 versos
269 3356 336 3400 xxv
350 3337 465 3422 primi.
482 3337 516 3402 in
538 3335 658 3402 scheda
676 3335 820 3402 secunda
833 3357 946 3403 versus
960 3359 1023 3421 nn,
1040 3357 1061 3404 a
1082 3339 1123 3404 26
1139 3356 1242 3420 usquc

139 3438 179 3504 ad
201 3441 264 3522 76,
281 3459 354 3504 cum
376 3439 467 3504 titulo
488 3445 563 3504 ante
578 3439 641 3504 29.
657 3439 691 3502 in
713 3439 821 3523 priore
835 3440 975 3506 schedae
990 3442 1104 3507 tertiae
1119 3439 1250 3525 pagina,

138 3559 248 3608 versus
271 3541 658 3627 precesserat-101,
674 3539 786 3606 titulus
808 3548 884 3607 aute
900 3542 941 3608 98
954 3563 962 3626 ;
978 3543 1011 3608 in
1033 3563 1151 3609 aversa
1166 3543 1242 3607 item

138 3663 200 3707 xxv
222 3663 294 3710 cnm
311 3643 426 3729 titulo,
445 3643 611 3710 102-126
624 3693 632 3707 .
647 3643 751 3728 potuit
773 3643 872 3726 igitur
893 3643 964 3728 hic,
980 3645 1035 3711 ubi
1058 3665 1171 3712 sensus
1186 3645 1245 3710 inr-

138 3746 298 3829 perfcctus
321 3753 391 3831 est,
407 3745 528 3830 aliquid
543 3746 699 3831 periissc3
715 3765 778 3811 non
794 3747 889 3812 nimis
905 3749 1006 3813 multa
1020 3754 1148 3832 temen,
1165 3747 1244 3832 quia

139 3853 234 3932 poete
244 3867 279 3914 sc
295 3867 362 3913 rem
374 3851 490 3934 pcoceb
505 3847 622 3914 docere
636 3848 714 3913 dicit
731 3849 810 3933 1153
827 3866 904 3931 crgo
919 3869 984 3915 non
1000 3855 1065 3916 tres
1080 3849 1241 3935 paginae,

139 3948 194 4016 eed
215 3967 301 4015 una:
318 3970 392 4016 nam
414 3949 494 4016 duas
516 3949 631 4016 deesse
652 3967 718 4015 non
740 3969 838 4035 posse
859 3951 1012 4017 concedet
1034 3954 1088 4036 qui
1112 3973 1151 4019 ea
1172 3971 1242 4037 per·

139 4053 260 4138 ceperit
281 4071 365 4136 quae
387 4051 492 4116 dicam
519 4052 561 4118 ad
584 4071 711 4118 versum
737 4052 817 4117 144.
833 4071 938 4136 oeque
964 4073 1004 4119 ee
1025 4057 1149 4142 pagina
1164 4077 1243 4119 xxvr

139 4154 331 4221 carminibus
354 4154 515 4239 constitit,
531 4153 589 4221 scd
612 4155 672 4220 luit
686 4155 720 4220 in
743 4173 783 4220 ea
796 4161 924 4239 practer
944 4157 1088 4223 carmina
1109 4159 1240 4242 titulus,

138 4275 230 4338 qoem
251 4257 375 4323 indices
396 4257 478 4323 libro
500 4257 677 4343 praepositi
693 4257 863 4341 exhibent,
880 4277 951 4323 cum
966 4259 1050 4326 intus
1073 4261 1157 4326 inter
1172 4281 1241 4326 ver·

138 4375 192 4424 sus
206 4378 270 4424 non
282 4365 485 4444 compareat,
502 4361 581 4426 Erec
595 4363 668 4426 item
678 4363 821 4427 maiora.
837 4381 894 4427 cos
909 4370 1016 4428 autem
1030 4382 1143 4429 versus
1160 4382 1242 4446 quoe

139 4455 211 4524 huic
232 4461 373 4545 paginae
395 4481 494 4546 supra
516 4462 666 4546 attribui,
683 4463 806 4529 Probus
828 4471 860 4529 ct
879 4463 1012 4531 Servius
1034 4465 1241 4530 rettulerunt.

139 4559 234 4628 Probi
255 4564 357 4630 v'erha
379 4569 454 4630 sunt
475 4562 556 4630 baec
578 4566 611 4630 in
634 4567 862 4631 commentario
879 4565 921 4631 ad
944 4565 1089 4650 eclogam
1112 4565 1242 4632 v1.Ver·
