3110 5146
646 365 689 430 VI
1158 368 1222 434 399

112 556 196 624 quae
220 541 269 602 est
288 557 384 621 porro
395 585 404 618 ,
427 535 594 602 interiecta
615 535 745 600 transiri
767 535 887 620 patuit.
912 536 991 621 quid
1013 536 1100 620 quod
1123 543 1221 604 testes

111 661 176 706 non
192 637 329 722 desunt,
351 638 406 721 qui
426 637 520 704 uobis
540 657 649 702 eorum
667 657 751 721 quac
773 637 825 704 hic
839 639 1005 706 amisimus
1020 647 1144 724 partem
1161 647 1221 706 ret·

110 741 261 808 tulerint.
285 739 362 823 quid
384 739 468 806 enim
487 739 560 806 huic
583 739 654 804 loco
674 740 781 824 aptius
797 761 868 808 esse
883 742 987 826 potuit
1001 761 1097 826 quam
1114 742 1221 827 splen·

112 843 191 910 dida
218 843 276 908 illa
301 843 482 926 argumenti
509 842 604 908 nimis
627 843 726 926 ampli
749 844 928 927 recusatio,
952 863 1017 927 qna
1039 844 1220 910 Lucretium

112 945 230 1014 alicubi
245 965 339 1012 usum
355 965 427 1012 esse
441 945 574 1012 Servius
590 953 701 1012 auctor
716 946 788 1012 est?
808 945 901 1012 huius
916 945 998 1013 haec
1012 946 1112 1012 verba
1126 953 1220 1031 sunt,

111 1048 277 1133 adscripta
298 1047 349 1113 his
372 1047 570 1131 Vergilianis
592 1049 624 1112 in
647 1070 680 1111 vr
695 1048 858 1114 Aeneidos
873 1049 956 1132 625,
982 1050 1062 1115 Non
1084 1071 1168 1114 ιιιιιι
1190 1071 1223 1113 sr

111 1172 275 1216 arsaces
298 1171 444 1215 caunum
467 1171 548 1214 stur
571 1171 717 1222 ostoun
741 1172 903 1234 caunum,
925 1153 1044 1218 Ferrea
1059 1177 1140 1218 aaa.
1157 1153 1222 1218 Lu-

111 1255 206 1320 cretii
224 1277 333 1320 veram
355 1253 496 1319 sublatus
511 1253 550 1320 de
564 1255 701 1320 Homero
717 1303 725 1320 .
741 1253 798 1320 aed
811 1255 869 1342 ille
881 1254 1011 1318 Annus
1027 1275 1101 1318 vox
1117 1255 1222 1320 aruir.

112 1357 199 1422 idem
220 1355 352 1420 Servius
374 1355 489 1422 iterum
510 1355 554 1422 ad
576 1355 690 1422 eadem
714 1357 858 1422 carmina
879 1356 912 1420 iu
935 1357 1111 1440 georgicon
1131 1379 1167 1441 ιι,
1180 1357 1223 1422 43

111 1459 220 1544 posita
235 1458 381 1524 Lucretii
391 1483 523 1524 omaus:
538 1457 595 1524 sed
608 1460 663 1525 r'lle
678 1484 776 1526 aenea
791 1483 852 1524 aaa
867 1461 927 1542 ait,
943 1460 1148 1544 conferres.
1165 1459 1223 1526 sad

112 1561 157 1628 ibi
175 1567 208 1628 et
222 1561 256 1626 in
270 1561 419 1628 lemmate
434 1566 584 1646 peccatur
598 1561 842 1648 (praescribitur
857 1561 942 1626 enim
954 1562 1027 1627 Nou
1042 1585 1097 1650 epo
1112 1575 1223 1626 cuncta

111 1664 205 1748 aab)
220 1669 252 1728 et
267 1687 365 1729 cruca
379 1663 581 1748 trisyllabum
597 1663 749 1730 vitiosum
768 1670 835 1730 est.
850 1662 967 1730 deinde
984 1663 1048 1728 alio
1064 1663 1136 1728 loco
1152 1663 1223 1730 Ser-

111 1769 185 1840 vius
206 1785 274 1832 rem
295 1765 417 1836 indicat
438 1785 534 1850 quarn
558 1771 726 1834 exsecutus
747 1765 844 1831 suerit
858 1771 975 1850 poeta,
992 1765 1046 1832 ubi
1062 1765 1122 1832 boc
1136 1765 1223 1849 quod

111 1890 172 1935 nos
188 1869 324 1952 legimus
339 1868 380 1934 ab
396 1888 435 1936 eo
452 1870 587 1956 eaempli
599 1893 697 1936 cauea
710 1868 851 1956 positum
873 1867 970 1952 dicit,
990 1866 1033 1932 ad
1048 1868 1223 1950 georgicon
1248 1861 1255 1880 '

112 1994 155 2056 ιιι,
167 1972 208 2037 51
221 1971 352 2058 pulsam
366 1973 495 2038 hiemem
510 1973 559 2038 ecl
572 1995 688 2038 aureus
703 1973 766 2057 epit
779 2017 787 2034 .
799 1969 978 2036 Secundum
989 1970 1229 2057 physicos,'quc‘

112 2074 236 2158 dicunt,
253 2098 314 2160 quo
329 2075 528 2160 temporalia
543 2076 642 2140 hieme
658 2087 722 2155 eat,
745 2085 892 2138 aestatem
908 2095 973 2140 esse
988 2073 1174 2154 subterreis,
1196 2085 1225 2138 et

113 2201 205 2242 uersa
218 2177 285 2242 eice
295 2225 305 2259 ,
317 2200 387 2242 cam
401 2177 451 2242 tte
466 2191 589 2260 aestas,
602 2176 670 2242 illic
685 2176 834 2242 hiemem.
848 2173 935 2260 quod
948 2174 1041 2240 etlam
1056 2174 1225 2240 Lucretius

114 2280 299 2365 exequetur,
331 2291 360 2344 et
386 2279 482 2344 tralu‘t
503 2279 538 2343 a'c
560 2290 778 2364 argumentum
804 2277 962 2364 putealem
984 2300 1120 2362 aquam,
1144 2301 1225 2362 quae

114 2393 230 2446 aestate
234 2380 460 2468 frigidissima
476 2394 533 2464 est,
549 2381 647 2446 hieme
662 2404 735 2446 aero
747 2378 960 2444 ealc‘dchar‘ma.
973 2379 1044 2462 quis
1057 2379 1156 2462 igitur
1169 2378 1224 2443 du·

115 2483 193 2548 bitet
207 2482 284 2566 quin
300 2483 361 2548 huc
376 2503 416 2550 ea
429 2482 600 2549 referenda
615 2481 680 2548 sint
693 2501 777 2566 qnae
790 2481 946 2548 Claudius
958 2481 1118 2548 Sacerdos
1128 2481 1225 2548 habet

115 2606 145 2670 p.
153 2585 216 2652 26?
237 2585 347 2654 Suara
362 2587 483 2670 littera,
504 2586 622 2671 inquit,
646 2585 776 2652 eliditur
790 2585 872 2666 sola,
893 2585 926 2650 εἰ
937 2609 958 2650 a
978 2585 1165 2651 correocaate'
1175 2586 1224 2649 to-

115 2690 215 2774 ar'pe‘at
236 2689 338 2754 altera
349 2713 430 2775 pars
444 2691 617 2754 oraticula.
633 2700 667 2752 ut
682 2688 850 2752 Lucretiae
868 2707 1052 2752 menstruus
1067 2707 1223 2770 sunaus,

115 2803 142 2856 et
157 2791 240 2856 aliti
251 2791 287 2875 (r,
302 2791 377 2874 186)
391 2791 446 2856 rh
460 2790 637 2876 eirfaute'bua
649 2791 762 2876 paruis
775 2837 782 2853 .
795 2787 917 2854 scilicet
932 2789 1061 2856 aestivis
1075 2789 1224 2854 mensibu'

105 2893 236 2978 frrjque.
249 2892 328 2977 quin
343 2899 375 2958 et
390 2891 503 2960 eodem
518 2893 678 2977 pertinent
688 2910 772 2975 qnae
784 2891 871 2974 apud
884 2890 1063 2958 charisium
1075 2891 1225 2973 leguntur

115 3015 146 3079 p.
157 2995 200 3060 43
223 3002 256 3062 et
275 2995 307 3060 in
322 2994 482 3080 excerptis
498 2993 756 3078 orthographicis
771 2991 858 3077 apud
874 2993 1058 3060 Putsehium
1073 3014 1104 3077 p.
1118 2992 1223 3075 2779,

116 3099 254 3164 Gamara
268 3099 386 3164 diariur
397 3148 406 3181 ‚
418 3111 452 3163 ut
473 3098 602 3164 Verrius
618 3097 754 3162 Flaccus
767 3095 931 3182 affirmat,
949 3121 1012 3162 coa
1028 3119 1153 3162 camera
1164 3119 1225 3181 per

115 3225 145 3266 e.
160 3200 218 3268 aed
227 3201 396 3267 Memmius
408 3200 618 3286 anreraeque
632 3199 767 3264 carnicis
782 3199 965 3264 euteritr'bue
980 3198 1111 3264 diceudo
1131 3199 1224 3264 etiam

115 3327 270 3368 emmeram
288 3301 458 3389 de'ee'pcsee
472 3301 625 3368 ostendit.
642 3299 741 3368 inhia
758 3299 895 3367 Charisii
911 3299 1014 3366 codex
1029 3299 1224 3384 aliquotiens

114 3410 247 3490 peccate
271 3404 408 3470 Lucretii
431 3404 532 3470 verba
552 3405 587 3470 in
610 3405 768 3489 excerptis
787 3404 835 3469 ita
848 3403 968 3488 scripta
984 3409 1074 3485 sunt,
1090 3403 1225 3468 cameris

115 3531 154 3572 ea
176 3507 342 3572 teretcbue.
369 3506 446 3572 mihi
474 3513 593 3574 certum
620 3506 745 3574 videtur·
767 3507 949 3574 Lucretium
972 3506 1141 3590 scripsisse
1163 3526 1224 3568 cn·

113 3629 315 3680 monarcus
338 3631 508 3688 csnrsrs,
532 3609 590 3676 sed
612 3609 693 3676 illud
712 3611 894 3678 ectcritr'bus
909 3628 975 3682 noa
990 3628 1121 3694 possum
1138 3612 1225 3674 certa

114 3712 238 3778 ratione
266 3711 457 3780 emendare.
487 3719 650 3798 postremo
678 3711 915 3798 Philargyrium
945 3709 1225 3786 commemorabo,

114 3815 169 3898 qni
192 3815 235 3880 ad
258 3816 434 3905 georgicon
447 3838 494 3898 ιιι,
509 3816 569 3882 136
585 3814 666 3882 haec
680 3814 797 3898 habet,
815 3817 983 3882 meatim
997 3835 1042 3880 sn
1062 3833 1223 3878 coninua

111 3941 173 4003 pro
195 3919 313 3984 obturet
335 3932 364 3984 et
384 3918 548 3986 obcludat.
572 3919 652 3986 haec
673 3938 800 4002 quoque
820 3918 853 3984 in
870 3918 985 3984 eadem
1000 3937 1036 3984 re
1050 3916 1154 3984 locum
1169 3915 1224 3982 ba-

114 4019 191 4085 bere
213 4025 402 4104 potuerunt:
418 4027 503 4087 certe
524 4041 581 4088 cur
603 4021 727 4086 Lucilio
750 4022 856 4106 potius
877 4019 1050 4086 tribuenda
1070 4019 1136 4084 sint
1157 4019 1224 4084 nul-

113 4122 179 4188 lam
202 4141 333 4190 causam
349 4121 444 4188 video
458 4173 467 4187 .
482 4142 557 4190 nam
580 4143 664 4206 quae
680 4123 804 4190 Nonius
826 4123 923 4190 habet
937 4143 968 4208 p.
982 4123 1085 4201 229‚1
1106 4122 1223 4186 Lucre-

114 4227 197 4307 tius,
222 4226 344 4292 Tactus
365 4225 560 4292 conduxerat
573 4227 680 4292 amala
702 4235 829 4312 torpor,
851 4245 892 4292 aa
906 4223 968 4290 huc
982 4225 1144 4310 pertinere
1159 4243 1224 4290 non

113 4345 241 4412 pugn03
264 4345 478 4412 quamquam,
502 4327 530 4394 si
559 4327 744 4394 cortducerlt
766 4327 969 4395 scribendum
992 4333 1061 4410 est,
1089 4330 1225 4410 possunt

113 4428 155 4494 da
178 4427 294 4494 hiemis
316 4437 459 4515 tempore
483 4429 570 4496 dicta
592 4449 685 4496 esse.
1225 4429 1228 4438 '

201 4531 275 4596 841.
310 4533 474 4596 Ansscrr
507 4553 599 4604 curn
633 4553 751 4596 nuans
786 4553 952 4615 canons,
986 4552 1031 4594 nr
1061 4551 1146 4594 enarr
1173 4551 1224 4594 sr-
