3096 5142
319 366 381 432 236
854 363 897 428 1v

281 582 294 604 ·.
319 536 432 602 addita
443 537 529 602 caelo
542 585 549 600 .
562 535 738 601 Lambinus
750 534 870 601 caelum
881 547 916 600 at
926 534 1055 600 videare
1066 533 1173 599 videre
1184 532 1353 618 etOcrpera
1362 534 1413 597 mi-

319 639 420 705 raadi
431 640 487 704 sab
503 651 605 704 terras
627 637 737 704 abdr'ta
750 638 835 703 caeli
844 686 851 702 .
868 643 976 703 cetera
990 636 1041 704 his
1063 636 1176 722 peiora
1188 634 1414 720 praetermitto.
1528 667 1529 678 ι

317 740 465 806 mirande
477 739 686 824 adverbium,
703 738 789 824 quod
806 739 838 804 in
850 740 1010 823 quadrato
1022 739 1175 824 scriptum
1187 737 1414 820 salmacidae,

318 849 352 908 ut
364 842 529 910 mendosae
540 843 614 928 503,
627 867 784 929 supernae
799 842 879 927 173,
897 849 929 908 et
943 842 977 908 in
992 847 1128 925 utroque
1138 840 1202 908 949
1217 841 1320 926 prima
1329 860 1417 908 manu
1528 901 1529 904 ,

318 946 422 1028 altae,
438 947 529 1029 (mox
539 945 604 1013 462
618 945 764 1011 mirande
785 945 819 1010 in
839 945 1008 1028 utroque),
1023 963 1089 1010 uon
1112 949 1275 1010 estserae
1295 950 1327 1011 et
1346 943 1417 1008 anti·

318 1067 402 1130 quae
418 1048 623 1114 Latinitatis:
640 1055 672 1114 et
693 1047 884 1114 mirabiliter
906 1052 1019 1132 peccat
1041 1046 1186 1131 Nonius,
1202 1065 1275 1111 curn
1292 1043 1417 1113 Claudio

232 1223 235 1232 .
319 1150 534 1234 Quadrigarii
547 1149 699 1216 adscribit
710 1149 904 1216 tianibaade
912 1172 973 1237 pro
986 1151 1164 1214 trenaee
1178 1169 1210 1234 p.
1219 1147 1290 1233 122,
1306 1148 1357 1232 13,
1368 1147 1418 1230 qui

318 1251 447 1318 dixerat
461 1277 558 1340 equae
569 1252 805 1319 diaaibaadae.
821 1271 1014 1336 quamquam
1026 1250 1094 1317 scio
1110 1250 1264 1316 Ιιιιιτιιιᾶι
1279 1249 1310 1315 in
1321 1249 1419 1314 lexiea

318 1355 454 1421 relatum
478 1375 549 1422 esse
572 1375 612 1422 ex
642 1355 725 1421 libro
748 1353 937 1439 Sapientiae
958 1354 1035 1438 ιι,6
1056 1353 1288 1437 xv11,3,‘quo
1314 1351 1419 1418 eodem
1528 1343 1529 1406 l

318 1463 449 1524 utuntur
460 1457 644 1524 Priscianus
656 1479 689 1544 p.
705 1457 784 1524 1041
798 1462 830 1523 et
841 1455 975 1538 Sergius
986 1475 1019 1542 p.
1029 1456 1108 1522 1851
1123 1505 1131 1542 ,
1144 1456 1212 1540 ita,
1225 1451 1419 1520 Horreedem
1528 1463 1529 1472 ’

317 1561 432 1626 elamat
443 1584 505 1648 pre
520 1560 696 1645 tareni&
712 1561 762 1626 cui
777 1557 972 1624 simillimum
984 1565 1033 1624 est
1048 1557 1136 1644 quod
1147 1557 1283 1624 Servius
1294 1556 1326 1622 in
1337 1573 1418 1638 geor·
1528 1595 1529 1622 1

317 1663 413 1747 gicon
429 1685 474 1748 111,
487 1664 528 1730 28
545 1665 911 1751 mapaamqaeflaeotem
926 1661 1203 1748 expendereque,
1220 1659 1368 1743 idemque
1382 1655 1419 1722 ad
1528 1651 1529 1742 i

318 1769 397 1832 Aen.
410 1787 431 1848 1,
443 1766 505 1832 251
518 1765 697 1852 Irpt'aadam
707 1815 716 1848 ,
728 1764 832 1849 inquit
843 1814 851 1849 ,
861 1787 922 1851 pro
933 1762 1067 1851 infande
1073 1764 1200 1850 posuit.
1218 1781 1278 1828 nec
1290 1760 1419 1826 minores
1528 1777 1529 1844 j

317 1869 368 1935 hic
390 1869 500 1935 turbas
525 1867 647 1934 iaciunt
662 1868 824 1954 Cepora,
841 1866 910 1932 sivo
932 1864 975 1930 ad
992 1865 1104 1931 nubila
1126 1871 1158 1931 et
1179 1865 1306 1930 caelum
1319 1861 1419 1930 referi·
1528 1861 1529 1946 f

318 1993 387 2037 mus
410 1971 479 2038 sive
502 1970 545 2036 ad
568 1971 704 2036 sidera.
726 1968 813 2054 quod
835 1968 936 2052 siquis
959 1973 1066 2034 cetera
1087 1966 1326 2050 considerabit,
1341 1966 1419 2031 inre·
1528 1957 1529 2010 l

318 2073 385 2140 niet
407 2094 448 2140 ea
469 2079 590 2139 mutato
613 2091 764 2158 versuum
779 2069 895 2137 ordine
917 2077 983 2136 tam
999 2076 1075 2155 apte
1097 2069 1180 2136 inter
1194 2089 1233 2136 se
1256 2069 1420 2136 cohaerere

317 2183 353 2242 ιιι
368 2177 423 2243 vix
437 2177 563 2261 possint
578 2175 671 2243 aliter
686 2194 707 2240 a
721 2179 818 2260 poeta
833 2174 955 2258 scripta
969 2172 1167 2258 exisnmari,
1184 2174 1244 2239 cab
1259 2185 1359 2237 arras
1372 2169 1418 2234 ab·

318 2278 386 2344 dita
399 2300 510 2343 castr
521 2279 644 2345 Nubila
656 2276 814 2364 despicere
826 2290 854 2343 et
865 2277 987 2344 caelum
996 2275 1126 2342 videare
1137 2267 1261 2342 videre.
1276 2272 1339 2338 iarn
1350 2289 1419 2338 vero

317 2380 360 2446 ad
383 2381 604 2467 complendam
627 2380 819 2446 seutentiam
842 2398 882 2444 ex
898 2379 1040 2466 Corpora
1061 2376 1207 2444 mirande
1227 2395 1322 2444 nemo
1336 2371 1419 2440 dubi-

318 2491 386 2550 tare
408 2489 514 2569 potest
536 2485 613 2568 quin
636 2481 819 2549 iaciendum
848 2483 891 2548 sit
913 2483 966 2548 Ur
988 2497 1419 2545 auerruncandorum

318 2593 425 2653 tamen
458 2585 682 2671 corrigendum
709 2591 832 2650 restat:
856 2605 931 2650 nam
961 2582 1120 2670 despicere
1147 2601 1220 2647 curn
1254 2577 1419 2648 accusandi

318 2709 395 2754 casu
417 2710 481 2755 non
504 2689 708 2772 coniungitur
730 2688 792 2752 nisi
822 2688 854 2752 in
877 2685 1113 2770 significatione
1135 2689 1338 2770 contemptus
1351 2707 1357 2748 :
1372 2700 1419 2746 ne-

318 2811 379 2875 que
402 2791 470 2857 ulla
492 2793 525 2857 in
541 2790 690 2858 Caesaris
712 2790 818 2858 verbis
838 2789 1032 2873 ambiguitas
1054 2793 1123 2872 est,
1140 2806 1211 2852 cum
1234 2786 1364 2872 scripsit
1384 2783 1420 2850 de

318 2893 402 2960 bello
419 2893 546 2962 Gallico
562 2891 800 2970 eomm.v11‚20
821 2892 907 2980 qaod
928 2905 957 2958 et
968 2891 1160 2980 paucitatem
1175 2913 1286 2956 eoram
1308 2915 1347 2956 ea
1360 2889 1419 2954 loeo

317 2998 480 3084 sapercbre
494 3020 677 3082 copaescere
692 3010 720 3062 et
734 2997 879 3061 virtatem
895 2994 1054 3082 despicere
1066 2994 1246 3080 potueriat,
1264 2994 1325 3084 qai
1335 2991 1420 3056 dimi·

317 3124 390 3165 care
401 3123 463 3164 aaa
475 3101 551 3164 ausi
558 3100 692 3184 turpiter
702 3123 735 3164 se
747 3099 781 3162 ia
792 3110 899 3163 castra
909 3097 1097 3184 receperint.
1109 3095 1219 3178 itaque
1228 3111 1420 3158 ursrrcnet

317 3200 522 3268 scribendum
546 3206 613 3283 cst,
630 3206 665 3264 ut
687 3205 772 3266 recte
794 3199 922 3266 codices
947 3199 981 3266 iu
1003 3198 1086 3264 libro
1108 3218 1141 3280 11,
1154 3196 1196 3262 26
1219 3198 1300 3284 qaia
1321 3197 1420 3262 orinia

317 3303 544 3390 dispt'ce‘aatar,
556 3302 620 3368 ouh
628 3302 764 3389 pedibas
771 3327 852 3390 qaae
860 3325 990 3390 caraque
1001 3299 1089 3366 infra
1093 3301 1256 3388 perinane
1262 3311 1419 3388 paratam.

318 3406 364 3472 sic
375 3405 526 3471 Manilius
542 3426 575 3488 ιι,
588 3403 650 3470 837
667 3404 708 3470 de
730 3404 922 3471 occidentali
944 3402 1076 3470 cardine
1092 3401 1308 3489 Oecasamqae
1322 3415 1421 3466 teneas

196 3535 203 3548 ·
317 3510 509 3574 samarcam
517 3507 646 3592 dispicit
657 3507 774 3590 orbem,
787 3527 852 3572 non
864 3505 1013 3592 despicit:
1027 3525 1122 3572 versu
1128 3504 1191 3570 849
1203 3501 1419 3591 imamqaecai

318 3613 419 3677 orbem
436 3607 629 3675 Descendit.
652 3609 720 3674 scio
743 3608 874 3694 quidem
896 3608 930 3672 in
952 3607 1065 3674 lexicis
1081 3606 1203 3692 adferri
1225 3606 1307 3673 haee
1327 3603 1420 3672 verba

318 3712 516 3780 Columellas
527 3731 548 3794 1,
559 3711 592 3794 6,
600 3710 655 3796 23,
667 3713 771 3796 Area,
783 3713 816 3777 si
823 3711 966 3796 competit
971 3759 980 3793 ‚
993 3711 1040 3776 ita
1051 3709 1268 3776 constituenda
1279 3722 1323 3776 est
1334 3721 1367 3774 at
1376 3703 1422 3772 cel

318 3841 340 3881 a
351 3815 475 3880 domiue
491 3814 541 3879 cel
554 3827 635 3880 certe
651 3839 671 3880 a
679 3826 885 3901 procuratore
900 3810 1024 3898 despici
1028 3813 1151 3898 possr‘t:
1165 3811 1224 3878 sed
1239 3811 1285 3878 ibi
1300 3825 1418 3894 quoque

319 3915 491 4000 legendum
514 3921 563 3980 est
585 3916 707 4004 despici
713 3965 722 4000 ‚
739 3915 826 4000 quod
842 3920 928 3981 recte
942 3914 1096 3999 seriptum
1116 3920 1206 3983 extat
1218 3915 1302 3980 libro
1319 3934 1361 3994 ιι,
1372 3909 1417 3996 24,

323 4023 384 4086 19.
408 4036 513 4102 neque
536 4017 570 4082 in
592 4017 757 4084 Aeneidos
771 4039 793 4100 ι,
806 4016 869 4082 224
891 4015 1059 4082 ferendum
1089 4025 1138 4083 est
1160 4019 1282 4084 actiae
1308 4035 1418 4083 camme

318 4123 506 4209 Despicieas
528 4145 615 4186 mare
634 4121 800 4187 velivolum
822 4127 855 4186 et
877 4125 1002 4204 cetera,
1019 4119 1078 4184 sed
1100 4119 1302 4205 probandum
1316 4115 1418 4202 Depi-

318 4227 404 4292 ciera
414 4273 423 4307 ,
439 4221 526 4307 quod
549 4223 582 4288 in
605 4221 737 4290 arbitrio
759 4223 852 4308 ponit
867 4221 1022 4289 Servius.
1046 4228 1118 4288 utor
1133 4222 1263 4290 arbitrio
1286 4221 1320 4286 in
1333 4237 1417 4302 geor·

318 4328 414 4412 gicon
443 4347 477 4411 ιι,
496 4325 556 4391 186
584 4331 616 4391 et
641 4325 740 4392 Nonii
767 4323 990 4392 auctoritatem
1018 4323 1190 4409 rescindo,
1216 4323 1271 4408 qui
1296 4320 1417 4390 exhibet

318 4452 350 4515 p.
362 4429 425 4496 288
439 4427 571 4506 Qualem
585 4451 678 4513 saepe
693 4453 772 4494 caea
792 4428 906 4494 moritis
928 4427 1068 4493 concede
1089 4428 1223 4494 solemus
1236 4426 1415 4512 Despicere.

316 4532 475 4618 dispicere
489 4527 693 4594 scribendum
706 4537 755 4598 est
766 4531 800 4596 in
813 4527 921 4598 Ovidii
933 4535 1062 4594 metam.
1074 4549 1108 4614 ιι,
1120 4529 1180 4594 178
1191 4549 1236 4614 ιιι,
1245 4527 1287 4592 44
1299 4547 1350 4612 ιιι,
1359 4520 1414 4588 223
