3052 5144
508 475 519 488 ·
599 451 629 516 11

60 622 161 688 dicere
183 622 266 686 eninr
288 621 392 704 possis
414 621 585 686 caelestem
609 617 749 684 fulminis
772 620 876 704 ignem

10 757 36 802 ss
60 735 202 819 suptilem
226 735 330 816 magis
353 735 501 820 epatris
524 739 672 800 constare
693 733 823 818 liguris,

58 857 145 934 atque
166 848 240 915 ideo
263 848 398 916 transire
420 849 580 915 foramina
602 867 684 930 quae
706 847 815 930 nequit
836 847 920 932 ignis

58 971 156 1028 noster
177 964 230 1028 bic
252 983 270 1029 e
291 959 385 1048 lignis
409 969 476 1030 ortu
499 963 662 1046 taedaque
684 970 827 1028 creatus.

59 1085 217 1162 praeterea
239 1079 347 1144 lumen
369 1099 427 1163 per
449 1099 580 1144 coruum
602 1078 733 1160 transit,
750 1083 786 1142 at
806 1077 907 1142 imber

58 1192 227 1278 respuitur.
245 1195 370 1274 quare?
385 1194 448 1258 nisi
465 1192 593 1258 luminis
614 1192 671 1256 illa
691 1191 816 1256 minora

10 1325 36 1372 so
58 1326 183 1390 corpora
209 1312 282 1371 sunt
304 1327 399 1388 quarn
422 1307 463 1372 de
486 1308 601 1389 quibus
623 1313 672 1372 est
693 1307 797 1388 liquor
818 1307 922 1372 almus
945 1325 1119 1388 aquarum.

57 1427 86 1484 et
105 1422 249 1502 quamvis
273 1421 379 1488 subito
401 1439 458 1505 per
480 1421 586 1486 colum
607 1421 682 1484 vina
704 1420 850 1486 videmus

57 1535 225 1616 perfluere:
244 1542 277 1600 at
299 1543 410 1602 contra
431 1534 558 1600 tardum
581 1540 745 1600 cunctatur
769 1535 907 1618 clivom,

58 1655 108 1713 aut
128 1651 204 1732 quia
218 1699 226 1733 ,
242 1651 274 1714 ni
297 1651 429 1734 mirum,
448 1649 617 1716 maioribus
640 1655 688 1714 est
710 1649 875 1715 elementis

57 1769 106 1826 aut
126 1765 230 1846 magis
254 1767 367 1831 amatis
389 1765 527 1830 intense
549 1784 671 1848 perque
692 1763 839 1848 plicatis,

10 1895 38 1940 os
58 1883 142 1959 atque
162 1879 238 1944 ideo
261 1881 296 1943 tit
316 1879 361 1944 uti
383 1899 447 1944 non
470 1886 535 1944 tarn
559 1877 687 1943 diducta
709 1883 839 1961 repente

57 1992 128 2055 inter
148 2011 184 2083 sc
206 1993 332 2076 possint
352 1993 527 2076 primordia
549 1991 675 2073 singula
697 2011 844 2072 quaeque

59 2105 172 2186 singula
193 2125 253 2189 per
275 2105 426 2188 cuiusque
449 2105 609 2171 foramina
631 2125 843 2190 permanare.

94 2219 154 2285 Huc
179 2219 304 2286 accedit
325 2222 369 2286 uti
393 2221 496 2286 mellis
519 2221 673 2302 lactisque
696 2220 836 2302 liquores

63 2331 185 2398 iucundo
209 2353 305 2400 sensu
327 2335 457 2416 linguae
480 2341 654 2401 tractentur
679 2333 712 2398 in
735 2353 809 2400 ore:

10 2465 40 2508 ro
60 2453 87 2508 at
104 2453 211 2512 contra
233 2455 340 2514 taetra
362 2449 501 2516 absinthi
524 2455 637 2514 natura
661 2447 784 2530 serique

58 2563 187 2626 centauri
210 2562 306 2629 foedo
328 2570 536 2647 pertorquent
558 2583 616 2630 ora
637 2581 773 2648 sapore;

58 2683 85 2738 nt
104 2675 196 2742 facile
218 2697 377 2762 agnoscas
398 2697 416 2743 e
439 2679 563 2744 levibus
585 2685 680 2760 atque
703 2677 847 2744 rutundis

56 2807 118 2856 esse
138 2811 179 2858 ca
201 2811 285 2875 quae
308 2811 421 2858 sensus
444 2791 580 2858 iucunde
602 2799 736 2874 tangere
757 2798 912 2876 possunt,

56 2909 84 2966 at
105 2913 213 2972 contra
236 2927 318 2988 quae
341 2925 452 2971 amara
473 2913 571 2989 atque
593 2927 709 2992 aspera
730 2927 863 2988 cumque
884 2905 1052 2986 videntur,

10 3035 36 3082 os
57 3015 130 3084 baec
150 3021 255 3103 magis
278 3021 393 3086 amatis
415 3022 497 3090 inter
518 3043 553 3088 se
576 3042 661 3087 nexa
684 3021 804 3105 teneri,

56 3141 280 3217 proptereaque
302 3136 406 3202 solere
428 3137 499 3200 vias
522 3135 702 3202 rescindere
725 3135 842 3202 nostris

57 3249 193 3314 sensibus
215 3250 409 3332 introituque
432 3269 489 3316 suo
512 3269 717 3335 perrumpere
739 3269 874 3334 corpus.

95 3363 205 3428 Omnia
226 3369 388 3448 postremo
411 3365 498 3430 bona
520 3364 668 3431 sensibus
690 3369 722 3428 et
744 3363 831 3428 male
850 3368 938 3428 tactu

57 3474 193 3543 dissimili
214 3479 298 3543 inter
318 3499 353 3544 se
375 3487 519 3562 pugnant
540 3477 684 3563 perfecta
702 3478 829 3560 ‘ligura3
931 3493 935 3502 '

12 3607 37 3650 ro
57 3608 93 3653 ne
113 3596 143 3654 tu
165 3589 248 3656 forte
270 3598 363 3676 putes
386 3613 495 3662 serrae
518 3593 681 3660 stridentis
703 3593 854 3658 acerbum

56 3701 207 3770 horrorem
230 3712 377 3772 constare
399 3707 565 3772 elementis
588 3707 711 3788 levibus
733 3727 835 3790 aeque

59 3836 95 3880 ac
115 3839 242 3886 musaea
264 3821 368 3898 mele,
384 3841 441 3904 per
463 3821 602 3891 chordas
625 3822 767 3904 organici
790 3843 875 3905 quae

58 3931 219 4000 mobilibus
242 3933 351 4017 digitis
373 3935 603 4020 expergefacta
625 3935 781 4018 figurant;

60 4063 116 4108 neu
136 4048 228 4113 simili
251 4055 422 4134 penetrare
443 4057 537 4135 putes
558 4051 733 4137 primordia
755 4049 859 4117 forma

63 4209 244 4224 Μ

67 4309 111 4362 384
126 4315 239 4367 fulminas
258 4315 272 4384 ΙΙ
292 4319 342 4367 387
363 4327 432 4368 ortus
452 4315 465 4385 ΙΙ
486 4320 537 4368 390
551 4319 643 4370 alimus
663 4315 675 4386 ΙΙ
697 4320 746 4368 396
766 4317 879 4384 singulte
898 4315 911 4389 Η
931 4319 982 4368 403
1001 4315 1122 4372 iucundos
1134 4323 1171 4372 ta·

66 4411 115 4450 cere
133 4399 144 4470 ΙΙ
163 4407 210 4456 403
229 4403 366 4455 Nobilibus
386 4403 400 4474 Η
419 4409 471 4454 414
490 4405 617 4473 penetrale
