3052 5150
648 369 679 434 11
1156 368 1216 434 137

124 563 258 627 unquam
280 541 420 629 (notavit
441 559 481 606 ea
503 540 621 606 Paulus
645 539 800 606 diaconus
822 561 853 626 p.
866 539 995 624 5049),
1025 557 1110 604 nunc
1132 545 1217 604 ocrte

123 653 327 729 evanuerunt,
355 663 460 728 neque
483 641 647 709 adsentior
669 642 746 710 viris
769 642 964 710 doctissimis
985 643 1041 726 qui
1064 641 1097 706 in
1121 642 1216 707 Hirtii

123 747 260 814 debello
283 746 409 812 Gallico
434 746 661 812 commentario
683 767 742 808 vur
763 744 903 832 pract2
926 742 1123 828 scripserunt
1147 767 1217 810 coo-

122 851 308 916 loerentrtus
320 899 328 915 .
341 869 405 916 non
422 849 528 933 magis
544 849 699 916 credibile
715 848 797 914 duco
813 845 900 932 quod
918 845 1134 926 Quintilianus
1150 867 1171 928 1,
1187 845 1218 930 6,

124 955 156 1018 17
170 954 328 1020 rettulisse
343 953 564 1038 existimatur,
581 952 681 1018 luisse
696 950 853 1035 quosdam
869 951 924 1034 qui
935 949 1033 1034 nimio
1045 947 1236 1032 analogiae,

11 1133 12 1136 Ἴ
122 1056 218 1122 studio
233 1058 339 1124 coasts
354 1055 518 1141 dicerent,
534 1075 598 1121 non
614 1057 697 1121 coire
709 1103 717 1118 .
729 1073 807 1122 vcro
819 1053 952 1140 propius
964 1056 1013 1117 cst
1027 1071 1083 1118 eos
1096 1052 1218 1119 dixisse

11 1215 12 1230 .
121 1161 252 1242 edere,
272 1178 338 1224 non
360 1169 485 1225 sotere.
506 1159 539 1223 iu
562 1157 731 1242 glossariis
751 1162 858 1223 tamen
873 1154 1017 1222 Labbaei
1033 1154 1130 1222 rideo
1146 1173 1219 1222 esse

11 1281 16 1315 i
120 1261 330 1346 cooodunare,
354 1262 536 1344 condebito,
559 1260 723 1326 condiboo.

11 1362 15 1442 J
197 1364 289 1430 1061.
318 1385 363 1428 ns
391 1385 466 1436 uua
497 1383 684 1427 courncrs
715 1385 883 1428 nnraurs
909 1361 1126 1426 Msonsuuru
1155 1383 1216 1426 un-

11 1496 16 1560 s
119 1487 186 1530 suu
210 1487 374 1532 rrsnnur
404 1488 451 1530 ax
480 1487 621 1530 onasus
649 1488 794 1531 sununs
811 1515 817 1532 .
835 1465 1019 1546 Quadratus
1038 1466 1155 1554 flereat
1165 1516 1174 1550 ,
1197 1485 1219 1531 a

11 1561 12 1596 ¹
120 1577 289 1637 wnecwre
305 1571 446 1658 siccent
462 1617 470 1634 .
486 1568 519 1633 in
540 1569 622 1635 libro
641 1591 672 1656 v,
688 1570 752 1637 429
776 1569 890 1636 eadem
912 1569 959 1636 sio
981 1569 1103 1655 scripta
1123 1575 1218 1652 sunt,

11 1727 15 1767 ,Ι
121 1673 251 1740 Tandem
273 1675 458 1739 convestiunt
480 1695 516 1737 ec
538 1697 620 1759 quae
641 1685 791 1739 conventa
812 1686 937 1759 repente
955 1673 1150 1758 Magnarum
1170 1697 1218 1738 rc-

120 1800 182 1840 rum
200 1777 304 1859 fluunt
326 1774 460 1842 smerdis
481 1799 598 1862 saepe.
620 1775 708 1841 uude
731 1776 886 1842 Marullus
908 1781 994 1842 recte
1016 1773 1091 1841 iecit
1101 1775 1220 1861 fierent

119 1898 277 1942 cronois
292 1927 298 1942 .
315 1883 486 1964 praeterea
508 1878 711 1946 scribendum
733 1883 783 1944 est
804 1897 1022 1961 coruscus,
1046 1875 1133 1961 quod
1155 1895 1219 1944 ser·

119 1987 227 2046 namot
248 1981 456 2048 membranae
478 1982 511 2048 in
533 2001 630 2048 versu
652 1980 746 2048 liuius
768 1980 843 2047 libri
861 1981 942 2064 101,
965 1980 1108 2068 Estque
1122 1979 1218 2046 ima.

14 2087 15 2126 ³
119 2083 203 2150 callis
217 2097 363 2150 consecto
378 2085 533 2152 resultant
548 2136 555 2152 .
571 2096 721 2150 conventa
736 2083 821 2149 enim
837 2133 845 2168 ‚
869 2083 903 2148 in
918 2082 1132 2168 libroquinlo
1147 2101 1220 2167 pro·

118 2182 216 2251 baum
237 2185 462 2273 Wakefieldo,
479 2186 558 2252 nulli
581 2187 709 2272 placere
731 2186 835 2272 potuit
855 2186 918 2254 nisi
935 2184 1120 2256 llichstadio
1143 2185 1218 2252 For·

119 2286 287 2374 bigeroque
303 2295 334 2355 et
349 2289 487 2356 sortasse
503 2289 542 2355 iis
557 2289 627 2354 iure
642 2288 798 2354 consultis
820 2290 875 2374 qui
895 2296 1021 2375 patrum
1039 2295 1220 2356 nostrorum

16 2383 23 2466 l,
119 2394 264 2457 memoria
286 2391 435 2459 dicebaut
449 2416 579 2460 uoemcm
601 2393 636 2456 ἑτι
655 2415 783 2458 masma
804 2407 984 2460 conventam
995 2417 1007 2478 ,·
1028 2411 1221 2476 quamquam

118 2508 258 2560 moesta
279 2514 345 2580 pax
372 2494 489 2560 dicitur
511 2513 594 2578 quae
616 2494 786 2579 convenit,
814 2499 846 2561 et
867 2501 996 2581 pactum
1018 2507 1219 2579 concentum,

19 2586 23 2666 f
118 2601 145 2660 cl
164 2597 210 2662 sol
233 2621 364 2664 occasus
375 2649 383 2682 ,
406 2597 464 2664 scd
488 2597 583 2664 homo
610 2599 751 2681 occisos,
774 2612 940 2664 wauceles
962 2596 1123 2684 propheta
1145 2599 1219 2662 Am-

119 2696 217 2764 brosio
245 2701 295 2784 (ut
322 2700 556 2767 demonstravit
582 2703 606 2766 1.
635 2701 670 2766 F.
698 2700 882 2767 Gronovius
913 2701 1156 2769 observatorum
1184 2702 1218 2768 in

120 2801 336 2878 eclesiasticis
365 2803 449 2868 libro
477 2824 508 2888 p.
531 2803 614 2887 228)
640 2807 813 2888 temptatus
844 2809 877 2870 ct
903 2810 1080 2872 commotus
1114 2818 1219 2872 toows

16 2973 17 2978 ,
119 2907 254 2974 nomae
278 2907 500 2994 dfforms'tate.
524 2907 662 2972 coniecta
690 2913 817 2988 autem,
841 2907 927 2990 quod
956 2907 1052 2974 iidem
1075 2907 1129 2972 hic
1150 2908 1221 2976 sine

16 3045 17 3069 r
121 3015 190 3074 uota
210 3011 448 3094 consumunt,
464 3008 558 3093 quasi
574 3009 742 3075 Lucretius
757 3008 812 3074 hic
826 3010 920 3075 aliter
935 3027 1029 3093 quam
1054 3010 1086 3074 in
1108 3009 1220 3094 quinto

121 3107 219 3178 dicere
240 3113 401 3199 potuerit,
417 3114 610 3180 senteutiam
632 3131 697 3178 non
720 3111 829 3198 explet
850 3111 914 3178 nisi
936 3111 1050 3178 addita
1070 3113 1132 3178 loci
1156 3113 1219 3198 sig·

121 3211 313 3300 uilicationc,
342 3223 377 3282 ut
401 3217 499 3302 paulo
526 3222 600 3301 post
626 3215 774 3282 Conicere
802 3217 837 3280 in
868 3215 936 3282 loco
963 3239 1105 3303 quaeqae
1126 3203 1220 3305 queat

120 3315 211 3382 sodi
227 3319 352 3385 ratione
373 3320 478 3406 Atque
500 3319 559 3384 duc
581 3331 654 3383 eunt
674 3318 833 3384 coniecta.

197 3421 286 3486 1070.
323 3421 428 3486 Nunc
462 3441 504 3484 ar
532 3441 731 3484 snurursus
762 3441 795 3483 sr
824 3440 950 3485 naurs
984 3443 1050 3486 nsr
1083 3443 1217 3509 eorus,

14 3532 18 3567 2
122 3517 203 3584 1072.
226 3522 290 3588 V1s
314 3543 442 3585 nsunu
463 3543 611 3587 sununs
633 3522 945 3589 usunr.Marullus
973 3525 1088 3613 Vs'sque
1110 3527 1219 3595 cadem

121 3634 292 3710 domurn,
318 3623 538 3692 Wakefieldus
567 3627 665 3712 Vs'que
688 3625 795 3691 eadem
819 3638 936 3690 nutare
957 3641 1084 3694 maaet.
1104 3629 1162 3696 sed
1184 3630 1218 3696 iu

121 3725 217 3804 priore
238 3727 381 3794 membro
405 3747 476 3793 cum
499 3727 560 3794 luit
582 3742 610 3794 ec
633 3727 836 3811 coniunctio,
853 3727 886 3793 in
902 3728 1004 3795 altero
1020 3755 1080 3817 que
1097 3751 1219 3817 ponere

123 3829 179 3890 lam
199 3839 308 3899 castae
331 3831 488 3899 orationis
509 3837 624 3917 poetae
646 3828 820 3895 nonlicet.
837 3831 1042 3899 scribendum
1059 3836 1217 3902 estNonc

121 3945 161 3990 Ex
179 3935 364 4018 seminibus,
387 3937 421 4000 si
439 3947 528 4002 tauta
550 3947 595 4001 eet
616 3935 708 4020 copia
730 3971 837 4018 —‚
855 3932 949 4013 Qms
972 3935 1080 4002 eadem
1101 3951 1219 4004 notura

121 4047 212 4099 monet
232 4075 316 4084 ——-—
326 4086 336 4121 ‚
359 4061 482 4105 ooeaesc
505 4051 549 4103 est
571 4035 736 4122 confiteare
757 4037 838 4104 Esse
859 4037 941 4104 altos
962 4038 1038 4104 alies
1061 4050 1218 4106 teneram

125 4130 154 4194 t'u
168 4141 314 4220 partt'lros
335 4143 444 4208 ονὺὼ.
753 4141 756 4150 ’

200 4239 286 4310 1073.
321 4243 519 4311 Comesse
548 4263 587 4306 ru
618 4263 714 4308 coes
745 4264 924 4317 cusanus
957 4264 1124 4308 snsrurur
1154 4267 1217 4308 ns-

12 4341 13 4350 ’
124 4353 220 4504 cucur
232 4393 240 4409 .
253 4343 435 4424 Quadratus
452 4345 599 4412 adsumto·
607 4393 615 4410 .
633 4346 707 4412 Itali
724 4353 756 4412 el
770 4347 919 4433 impressi
936 4371 1079 4435 quaeque
1094 4368 1218 4420 oussr

12 4495 13 4500 ,
124 4444 214 4506 armti
230 4449 368 4514 ratum.
