3020 5146
388 462 447 524 104
908 415 972 518 '111

373 645 487 708 quare
510 627 641 692 dissolui
664 644 792 707 quoque
815 625 1050 709 dcbentposse
1072 634 1258 710 perarma,

386 739 526 822 denique
548 748 582 804 ut
605 742 764 806 intereant
785 760 849 804 una
871 759 942 804 cunr
965 760 1099 824 corpore
1121 747 1274 806 eunome.

312 845 362 918 reo
387 854 436 918 sin
459 857 583 921 animus
604 856 766 920 hominum
790 853 896 919 dicent
916 855 949 918 in
973 875 1108 938 corpora
1131 873 1260 939 semper

387 965 434 1032 ire
457 966 616 1050 humana,
632 981 739 1039 tamen
762 987 914 1049 quaeram
935 989 991 1034 our
1014 987 1032 1033 e
1054 969 1192 1052 sapienti

386 1085 482 1150 strrlta
505 1094 600 1169 queat
621 1087 709 1164 fieri,
726 1103 786 1148 nec
807 1081 949 1166 prudens
971 1082 1012 1147 sit
1033 1101 1112 1166 puer
1133 1083 1240 1166 ullus,

314 1219 362 1264 rer
388 1219 448 1264 nec
470 1205 535 1265 tam
559 1201 672 1266 doctus
694 1219 795 1282 equae
816 1197 925 1280 pullus
948 1215 1044 1277 quam
1067 1195 1159 1262 fortio
1182 1198 1255 1279 equi
1277 1195 1349 1264 vis?

387 1313 526 1392 scilicet,
543 1313 576 1378 in
598 1319 709 1380 tenero
732 1319 935 1378 tenerascere
959 1329 1093 1394 corpore
1114 1319 1254 1376 mentem

388 1427 592 1512 confugient.
611 1427 698 1509 quod
721 1427 749 1492 si
772 1425 835 1490 iam
858 1425 911 1500 fit,
927 1423 1048 1488 fateare
1069 1433 1234 1492 necessest

388 1543 555 1606 mortalem
578 1561 650 1606 esee
673 1541 831 1622 animam,
850 1539 1001 1621 quoniam
1023 1545 1146 1604 mutata
1167 1558 1226 1623 per
1249 1545 1335 1605 artus

388 1661 476 1720 tanto
500 1673 596 1740 opero
619 1653 733 1720 amittit
754 1655 852 1718 vitam
875 1631 1067 1736 sensumque
1087 1655 1247 1738 priorem.

387 1788 489 1850 quove
513 1769 607 1834 modo
631 1769 746 1852 poterit
767 1768 887 1852 pariter
909 1788 979 1832 cunr
1003 1787 1136 1851 corpore
1159 1789 1286 1852 quoque

313 1902 362 1948 rro
388 1884 574 1948 confirmata
596 1883 734 1966 cupitum
758 1881 875 1948 aetatis
897 1887 1031 1966 tangere
1053 1882 1163 1948 florem

385 1999 435 2062 vis
457 1997 576 2076 animi,
593 1997 655 2062 nisi
679 1995 738 2062 erit
761 2015 892 2061 consors
914 1997 947 2060 iu
971 1997 1093 2080 origine
1116 1997 1248 2080 prima?

387 2111 503 2192 quidve
526 2111 613 2176 foras
636 2111 695 2176 sibi
719 2111 786 2174 vult
808 2111 959 2176 membris
980 2111 1069 2176 exire
1093 2112 1258 2176 senectia?

387 2245 430 2289 an
452 2225 562 2290 metuit
586 2226 740 2292 conclusa
761 2243 893 2290 manere
916 2225 948 2288 in
972 2245 1105 2309 corpore
1127 2226 1233 2310 putri,

387 2345 418 2402 et
440 2338 553 2404 domus
576 2341 690 2405 aetatis
713 2339 817 2423 spatio
840 2359 880 2404 ne
903 2339 989 2406 fessa
1011 2345 1136 2406 vetusto

314 2471 362 2520 tro
387 2451 528 2516 obruat?
543 2459 576 2516 at
599 2473 662 2518 non
685 2459 759 2518 sunt
780 2454 950 2529 immortali
973 2454 1041 2518 ulla
1061 2455 1203 2538 pericla.

430 2566 576 2649 Denique
599 2567 736 2633 conubia
759 2567 802 2632 ad
825 2569 958 2634 Veneris
982 2575 1153 2652 partusque
1176 2567 1315 2634 serarum

387 2700 458 2746 esse
481 2681 608 2748 animas
630 2689 737 2767 presto
761 2682 970 2748 deridiculum
993 2701 1066 2750 esse
1088 2684 1232 2766 videtur,

388 2803 560 2883 expectare
583 2798 770 2864 immortalis
793 2797 942 2864 mortalia
964 2799 1107 2864 membra

387 2911 552 2980 innumero
576 2933 728 2990 numero,
745 2921 932 2997 certareque
955 2919 1244 2998 praeproperanter

313 3047 363 3096 rso
388 3028 470 3094 inter
493 3047 529 3094 se
552 3048 636 3112 quae
659 3029 763 3114 prima
785 3028 1015 3114 potissimaque
1036 3029 1235 3108 insinuetur3

384 3143 500 3208 &non
525 3144 606 3210 forte
629 3145 674 3208 ita
696 3152 771 3211 sunt
789 3146 967 3210 animarum
988 3145 1121 3210 foedera
1142 3147 1257 3228 pacta,

387 3264 421 3322 ut
445 3278 528 3341 quoe
550 3260 654 3342 prima
676 3259 793 3324 volans
815 3260 982 3325 advenerit
1003 3259 1179 3326 insinuetur

387 3373 510 3457 prima,
528 3393 631 3455 neque
653 3373 735 3438 inter
758 3393 793 3438 sc
816 3373 1012 3439 contendant
1035 3373 1156 3438 viribus
1179 3371 1302 3436 hilum.

430 3486 576 3568 Denique
598 3488 629 3552 in
652 3488 783 3553 aethere
805 3507 869 3552 non
892 3490 1009 3572 arbor,
1025 3509 1089 3554 non
1112 3507 1252 3569 aequore
1274 3487 1358 3552 salso

314 3619 363 3666 ras
389 3601 489 3665 nubes
512 3619 584 3665 esse
606 3607 746 3686 queunt,
764 3621 824 3668 nec
845 3601 950 3686 pisces
975 3602 1080 3670 vivere
1102 3603 1135 3668 in
1158 3602 1262 3686 arvis,

389 3733 448 3780 nec
470 3734 564 3779 cruor
585 3714 618 3779 in
640 3717 736 3797 lignis
757 3737 862 3798 neque
884 3717 971 3784 saxis
994 3737 1088 3782 sucus
1111 3717 1237 3782 inesse.

388 3835 507 3892 certum
530 3849 569 3893 ec
591 3829 813 3915 dispositumst
835 3832 889 3896 ubi
913 3832 1053 3914 quicquit
1074 3839 1197 3898 crescat
1218 3837 1250 3896 et
1272 3831 1363 3896 insit.

388 3943 435 4008 sic
457 3942 555 4006 enimi
578 3951 695 4010 natura
716 3947 827 4029 nequit
849 3945 918 4010 sinc
941 3965 1073 4030 corpore
1097 3945 1172 4010 oriri

387 4057 458 4125 sola
481 4077 585 4140 neque
608 4079 628 4124 a
651 4059 757 4126 nervis
780 4067 811 4126 et
833 4059 991 4144 sanguine
1013 4059 1151 4146 longiter
1171 4077 1265 4126 esee.

386 4223 585 4233 ——ss-

391 4329 441 4376 reo
460 4326 502 4377 sic
524 4325 536 4392 ,q
556 4343 662 4392 corpore
682 4326 696 4396 Η
722 4331 876 4378 rca=rre
903 4325 916 4396 q
943 4332 993 4378 764
1012 4329 1101 4393 paulus
1124 4325 1137 4396 q
1165 4333 1214 4380 urs
1233 4329 1286 4378 rem
1303 4322 1394 4380 morrei
1411 4317 1422 4384 l!
1439 4313 1470 4359 Ν

388 4413 414 4466 in
434 4414 503 4465 alto,
524 4411 537 4486 ll
559 4418 607 4464 ran
627 4415 700 4465 Nube
719 4414 733 4485 Η
756 4418 804 4465 789
823 4415 925 4482 longius
