3110 5146
316 367 380 434 346
856 367 884 432 V

317 537 453 622 Handii)
474 543 561 606 reete
575 537 656 605 tueri
672 537 841 604 existimo:
857 536 1018 621 quomodo
1034 537 1120 604 enim
1137 536 1259 625 aliquid
1274 539 1308 605 ia
1322 539 1413 604 mem

317 643 391 707 erui
408 641 597 724 possitnon
620 640 773 722 intellego
788 688 795 704 .
812 660 917 724 nsque
938 639 1018 706 Attii
1040 639 1210 724 versibus,
1225 660 1304 725 quos
1325 638 1415 707 habel

317 741 359 809 de
378 751 493 808 natura
515 741 647 808 deorum
669 763 702 821 11,
715 742 757 808 89
779 741 892 808 Gioero
914 749 947 808 et
969 761 1009 807 ex
1031 761 1070 808 eo
1092 742 1275 810 Priscianus
1296 743 1336 808 de
1357 762 1415 810 me

317 846 375 912 tris
402 865 434 930 p.
450 845 514 910 243
540 843 739 923 Lind.‚ullo
767 843 864 910 modo
892 853 1002 930 aptum
1031 850 1081 910 esi
1108 844 1154 910 ad
1178 846 1299 912 eaelum
1319 847 1415 928 enit,
1526 874 1527 878 ¹

316 946 375 1014 sed
396 949 505 1033 polius
526 949 593 1013 Aut
604 947 696 1033 forte
720 947 830 1014 Triton
840 948 993 1034 ,fuaeinu
1019 961 1157 1014 enerues
1177 971 1289 1034 epeoue
1310 948 1417 1034 Raptor
1526 965 1527 1022 j

316 1048 442 1116 radices
459 1052 588 1136 penitus
602 1049 742 1116 andoali
751 1051 787 1115 r'u
799 1049 908 1136 fruto,
924 1049 1040 1116 Molem
1060 1073 1101 1116 aa·
1118 1048 1282 1138 profundo
1295 1073 1418 1116 romeam
1526 1045 1527 1050 ’

316 1149 361 1216 ud
378 1152 501 1218 eaelum
523 1153 636 1237 erupit.
652 1151 710 1218 sed
726 1152 785 1217 hos
807 1151 872 1217 duo
894 1169 1007 1217 versus
1029 1151 1081 1217 hie
1095 1149 1256 1219 tollendos
1270 1171 1343 1220 esse
1355 1151 1417 1235 qui·

317 1253 368 1319 vis
389 1273 447 1338 per
461 1273 498 1320 se
519 1253 631 1321 videre
646 1261 773 1340 potest,
789 1261 822 1321 ei
844 1254 942 1319 miror
964 1252 1026 1321 hoe
1039 1253 1210 1320 Marullum
1226 1253 1419 1337 Naugerium

317 1353 715 1432 Lamninnm'Bentleium
743 1355 930 1423 Creeohium
957 1375 1022 1422 non
1047 1355 1336 1424 animadvertisse:
1351 1373 1419 1421 nam
1527 1439 1528 1452 ἵ

317 1457 414 1524 oeteri
437 1460 542 1527 rarius
564 1459 754 1528 attendunt.
1311 1531 1317 1543 ,

406 1561 497 1629 1390.
519 1582 742 1628 uoneasusr
768 1581 892 1634 arona
918 1561 1194 1629 ruvssu'r.1tuli
1216 1581 1420 1628 ruvnsarr.

404 1664 495 1732 1391.
518 1687 593 1729 narr
626 1685 700 1730 run
732 1687 824 1730 sorr
858 1683 973 1728 orrnru
1002 1663 1294 1750 ooan1.0ptime
1323 1665 1422 1732 Faber

315 1766 381 1830 eruit
392 1789 403 1849 ,·
417 1766 479 1832 nisi
501 1767 588 1851 quod
611 1768 671 1835 hoe
692 1768 788 1835 modo
812 1765 855 1834 ad
878 1767 936 1834 illa
956 1767 1022 1833 orta
1043 1765 1102 1833 diu
1120 1766 1244 1834 reditur
1266 1768 1363 1854 paulo
1376 1785 1421 1832 ar·

168 1941 174 1952 ,
317 1868 426 1949 gutius
449 1877 548 1954 atque
568 1870 724 1936 urbanius
746 1889 843 1954 quam
865 1889 924 1955 pro
946 1868 1152 1954 simplieitaie
1174 1867 1271 1937 huius
1293 1875 1421 1956 poetae.

318 1969 373 2052 qui
395 1971 558 2056 scripserit
578 1973 686 2058 potius
701 1997 775 2039 nam
797 1986 862 2039 urm
880 1985 954 2038 eant
974 1991 1141 2036 eruurss
1162 1970 1275 2056 eor-di,
1292 1991 1362 2038 oum
1382 1969 1422 2038 al·

317 2071 533 2140 litteratione.

408 2177 499 2244 1392.
521 2198 558 2240 rs
580 2199 747 2242 oramina
767 2199 900 2244 nonar.
916 2175 1084 2244 Correotor
1098 2175 1232 2260 oblongi
1247 2193 1422 2242 ouurrrrrr.

318 2278 351 2342 in
373 2299 406 2360 11,
419 2279 461 2346 29
483 2279 660 2365 quadratus
681 2281 852 2366 prumiae.

409 2381 499 2448 1393.
522 2383 827 2455 Pnorrnnraoun
856 2403 995 2449 arvom.
1015 2382 1054 2448 ln
1080 2380 1223 2448 seeundo
1252 2383 1424 2448 Pnorran

317 2507 421 2570 oquae
442 2487 565 2551 rivom.
583 2485 634 2552 hio
656 2505 785 2571 quoqne
812 2485 990 2570 quadratus
1012 2493 1045 2552 et
1069 2503 1092 2552 a
1114 2491 1297 2552 eorreotore
1319 2483 1422 2551 oblon-

317 2603 376 2667 gus
397 2587 520 2652 rivam.

407 2688 499 2755 1397.
522 2690 605 2753 'Pon
627 2691 834 2759 nour.ltali
857 2697 891 2757 el
913 2690 1069 2756 Marullus
1090 2711 1199 2755 reon.

406 2791 497 2858 1399.
520 2813 712 2857 nanruann
735 2815 914 2858 conotus.
931 2791 1035 2860 Iidem
1056 2811 1261 2856 usurarius.

407 2893 498 2960 1400.
521 2915 696 2958 nascrvra
718 2917 813 2960 narn
840 2915 1034 2960 uovrnar.
1050 2893 1208 2961 Marullus
1230 2913 1421 2958 montoir.
1529 2939 1530 2946 1

406 2993 497 3061 1404.
521 3015 564 3060 su
578 3017 668 3061 urna
686 3019 867 3064 vreaanr.
882 2997 958 3065 Itali
973 3005 1006 3064 et
1017 2995 1212 3064 Veronensis
1224 2995 1348 3080 editio,
1363 3013 1423 3061 nou

318 3093 518 3180 Brixiensis‚
536 3111 742 3166 vrorusnr.

406 3199 497 3267 1403.
522 3201 573 3266 Er
614 3213 880 3268 vrernsurrnns
925 3223 1013 3267 arne
1054 3221 1228 3267 uuaanrr
1268 3219 1422 3266 sensura

317 3319 459 3366 semro.
480 3303 578 3370 Reote
606 3304 802 3386 Lambinus,
818 3311 966 3388 mutus,
986 3311 1022 3370 ut
1046 3305 1112 3388 uit,
1128 3301 1273 3370 oodioem
1302 3301 1422 3370 Velina

317 3422 413 3487 num,
435 3404 556 3470 solacia
583 3407 827 3494 sons1,quod
854 3406 932 3473 dieii
962 3401 1072 3474 inuno
1104 3398 1313 3488 ἇηίμολπον
1345 3396 1422 3482 ἄκος

316 3504 404 3590 apud
427 3504 623 3592 Aesohylum
651 3509 753 3593 vigil.
774 3509 874 3575 dandi
903 3527 998 3576 nasus
1021 3508 1098 3576 ierri
1120 3529 1186 3575 non
1208 3508 1330 3575 debeor
1352 3525 1421 3574 nam

316 3607 464 3689 quamvis
477 3608 633 3676 solarium
647 3613 762 3696 maloi,
778 3631 863 3697 quae
877 3611 1014 3694 adsunt,
1030 3609 1165 3696 reperiri
1179 3609 1304 3704 possit,
1320 3617 1421 3676 nmen

316 3726 401 3791 quae
423 3710 507 3794 putri
523 3711 557 3776 in
579 3712 750 3780 liberorum
768 3717 957 3781 omriaomrm
977 3713 1132 3780 ruhniam
1145 3717 1371 3800 praestantur,
1385 3727 1423 3776 aa

317 3809 426 3876 luberti
446 3814 576 3878 ammai
597 3832 662 3880 non
684 3823 759 3882 sunt
780 3817 922 3884 solaoio.

403 3913 494 3980 1409.
518 3913 570 3980 lir
595 3937 775 3984 uuunnuu
802 3937 969 3984 senuaar
996 3935 1115 3982 oenus
1140 3935 1350 3982 proruens.
1371 3911 1422 3980 Siu

316 4012 523 4082 membranae
545 4023 578 4084 ei
591 4019 748 4088 Antonius
765 4022 878 4106 Marii,
895 4020 970 4086 ilem
986 4017 1165 4084 Marullus:
1180 4019 1257 4086 oiim
1278 4012 1420 4102 impressi

315 4117 475 4182 numero.
491 4137 553 4202 ogo
576 4131 723 4190 neutrum
745 4123 900 4206 intellego
914 4170 922 4206 ,
938 4139 1010 4186 oum
1031 4119 1167 4204 vigilum
1185 4121 1319 4188 oantiuis
1338 4111 1420 4203 quod

316 4220 489 4284 conveniat
520 4231 640 4290 eertum
671 4245 875 4294 numerorum
907 4229 1011 4307 genua
1044 4222 1249 4306 cognoverim
1281 4221 1419 4286 nullum·

317 4317 483 4394 Lueretius
504 4325 635 4410 scripsit
655 4353 820 4398 numerum
841 4350 968 4395 servare
990 4345 1116 4410 serre,
1131 4323 1165 4392 id
1192 4331 1243 4391 est
1262 4327 1359 4391 eantu
1380 4315 1420 4388 ad

315 4425 417 4489 ortem
439 4425 639 4522 composito.
