3052 5150
672 289 722 356 u1
1189 291 1253 382 183,

152 435 241 531 versu
254 463 315 531 805
335 463 482 530 Iunctum
503 463 539 528 e'n
560 461 712 544 coemtio,
728 459 792 529 905
811 459 905 542 Quod
920 485 1017 549 super
1031 475 1096 546 eet,
1112 461 1176 530 949
1190 463 1249 530 At·

152 591 208 654 que
227 568 337 649 uum,
357 565 420 633 nisi
442 563 529 650 quod
552 583 664 631 versus
680 563 744 630 905
765 563 798 629 in
820 563 961 648 oblongo
984 563 1100 631 litteris
1122 584 1249 632 ourren·

24 665 25 698 ¹
151 667 230 736 tibus
250 668 386 754 seriptus
409 675 478 752 est,
500 667 563 736 949
585 665 764 732 uncialibus
785 670 818 732 et
839 665 1039 733 ourrenb'bus
1061 667 1248 752 permixtis.

149 771 180 836 in
201 771 281 839 libro
303 776 417 856 qunrto
440 771 551 855 quinto
574 775 731 853 sextoque
745 767 839 836 buius
854 766 942 834 modi
964 767 1045 836 nihil
1067 770 1248 838 invenitur:

149 872 188 939 de
208 875 308 960 primo
331 881 365 940 et
385 871 528 940 seeundo
549 871 618 938 dixi
639 869 684 938 ud
706 892 740 956 11,
754 869 821 936 42.

230 977 301 1043 760.
324 975 389 1044 Src
411 995 553 1040 surmus
574 993 749 1040 uourunu
771 993 907 1038 nrcnur
921 993 958 1038 ru
973 994 1142 1040 consone
1158 995 1248 1044 snu-

147 1099 231 1142 rrn.
245 1080 287 1146 In
301 1098 475 1144 oonrons
489 1082 649 1144 eorreetor
664 1074 814 1161 quadrati
831 1081 863 1142 et
877 1075 951 1144 Itali
966 1082 1041 1144 unte
1056 1076 1247 1148 Marullum.

148 1179 208 1246 Srn
228 1180 313 1246 idem
335 1180 516 1248 Marullus.

227 1283 300 1350 763.
323 1282 364 1348 Sr
384 1303 455 1348 uon
477 1303 597 1348 crure
619 1301 690 1346 suo
713 1301 804 1352 nuru
827 1300 963 1348 suumn
986 1301 1247 1354 suurnrooun.

145 1386 224 1454 Huio
244 1386 373 1468 versui,
394 1405 489 1470 quem
504 1384 677 1452 delendum
692 1401 765 1451 esse
780 1401 831 1449 res
847 1383 921 1468 ipss
936 1383 1074 1468 elamat,
1090 1383 1248 1454 Marullus

145 1507 214 1554 eum
228 1488 375 1555 subluere
389 1487 503 1554 moluit
521 1487 576 1572 qui
596 1487 700 1570 hune,
716 1485 770 1552 ubi
793 1503 853 1552 suo
876 1486 946 1552 loeo
968 1485 1092 1571 positus
1116 1493 1184 1572 est,
1200 1507 1248 1556 se·

145 1592 248 1675 quitur
259 1591 344 1674 747,
360 1596 427 1656 tum
442 1595 611 1674 utrumque
626 1589 796 1654 eolloonvit
810 1595 885 1674 post
899 1608 972 1656 eum
992 1609 1087 1674 quem
1108 1590 1181 1657 libri
1205 1590 1247 1656 nb

144 1693 200 1758 boe
214 1694 395 1779 proximum
411 1693 552 1777 ineiunt,
569 1692 660 1758 ouius
674 1690 868 1777 principium
882 1697 932 1758 est
953 1693 1021 1760 Nee
1039 1706 1103 1760 tom
1118 1693 1246 1760 Metus.

143 1803 204 1860 trun
227 1813 359 1862 oeeeum
380 1793 494 1861 dueem
517 1799 641 1861 eeteros
663 1793 755 1877 sequi
777 1791 949 1875 indignor.

224 1899 298 1964 764.
328 1898 408 1964 Nnc
441 1917 516 1960 rum
548 1915 693 1961 nocuus
723 1916 821 1968 noun
851 1916 998 1960 nunnus
1022 1943 1030 1962 .
1057 1896 1108 1964 Ne
1142 1896 1247 1981 prime
1293 1941 1295 1945 -

142 2020 239 2067 manu
264 1999 426 2083 oblongus
449 2046 459 2065 .
481 2012 583 2065 tumeo
610 1997 788 2084 quadratus
816 2046 824 2064 .
850 2017 993 2062 nunnus
1020 1998 1095 2068 Itali
1127 2005 1159 2066 et
1191 1999 1247 2066 im-

141 2122 269 2188 pressi.

227 2204 298 2272 765.
321 2223 472 2268 urrunnu
489 2251 496 2267 .
512 2201 581 2269 Hoo
600 2201 766 2268 eondrmot
786 2201 959 2270 Diomedes
973 2223 1006 2288 p.
1018 2201 1103 2270 334:
1122 2201 1248 2270 Nonius

140 2307 288 2393 p.181,e
309 2317 426 2372 mmteo
441 2353 449 2371 .
464 2324 540 2370 mox
561 2303 738 2389 quadratus
761 2303 956 2393 Ooofirqrbm
972 2353 979 2369 .

228 2409 299 2476 775.
326 2429 374 2472 ur
400 2427 470 2471 uon
501 2427 592 2471 sunu
618 2427 856 2472 rsuuonrnur
877 2427 973 2472 uuus
996 2428 1154 2472 runicus
1178 2456 1185 2472 .
1208 2407 1248 2474 ln

142 2512 282 2594 oblongo
304 2514 501 2594 nomentum,
523 2515 555 2576 et
580 2509 719 2576 fortasse
744 2529 842 2576 mauu
871 2509 994 2595 primo,
1017 2523 1090 2578 suot
1111 2531 1248 2575 rumon-

141 2635 224 2678 runr
247 2663 255 2679 .
277 2614 311 2678 in
334 2610 444 2678 Ovidii
467 2611 675 2698 metamorph.
699 2634 752 2698 xv,
774 2613 835 2680 139
861 2618 947 2678 reete
968 2619 1071 2696 egunt
1092 2613 1148 2698 qui
1170 2615 1247 2680 sori·

141 2716 279 2783 bendum
299 2713 441 2782 iudicant
454 2713 590 2781 Audeteb
603 2715 690 2781 nerei
705 2739 807 2802 qenes-e
827 2715 1021 2800 immortale,
1043 2715 1097 2782 ubi
1119 2715 1247 2783 codices

17 2849 19 2904 ς
141 2819 334 2887 omortol.

223 2921 298 2987 '184
325 2941 397 2985 nou
423 2941 599 2992 sunnone
625 2941 663 2984 ru
688 2940 786 2984 suro
817 2920 926 2986 Nune
953 2941 1042 2986 nssu
1073 2941 1246 2992 Quuuur.

17 3065 18 3100 3
142 3024 230 3092 lnt'rn
251 3025 284 3089 in
307 3023 390 3090 libro
412 3044 442 3107 v,
465 3023 519 3088 ubi
546 3021 580 3088 bi
606 3041 720 3088 versus
746 3022 920 3106 iterantur,
945 3023 1007 3090 129
1028 3047 1092 3090 oon
1113 3048 1248 3111 aequore

17 3133 18 3136 ’
142 3148 253 3192 senso
270 3127 397 3192 Munus
412 3149 479 3192 esre
492 3137 610 3212 queunt
622 3167 629 3188 .
640 3123 702 3190 boo
716 3124 964 3210 praeferendum
979 3129 1028 3191 est
1039 3174 1047 3209 ‚
1059 3125 1136 3210 quie
1150 3131 1248 3212 poeta

141 3253 258 3316 aequm
278 3228 398 3294 salsum
420 3225 736 3312 aliquotiens‘dixit,
758 3228 858 3294 adom
880 3247 1073 3313 numquam.

224 3331 298 3398 789.
325 3351 487 3396 uosurus
513 3351 599 3395 usse
622 3379 630 3396 .
652 3330 727 3396 Mon
756 3330 850 3396 aliter
876 3330 1028 3416 seriptum
1051 3330 1085 3396 iu
1107 3352 1139 3416 v,
1164 3332 1246 3400 133.

141 3433 198 3499 sed
226 3439 314 3500 reete
341 3431 488 3518 ‘quidum
514 3432 613 3498 doeti’
642 3432 730 3518 opud
757 3432 949 3500 Lambinum
974 3454 1185 3520 nonomen,
1212 3441 1249 3502 ut

142 3555 235 3602 versu
257 3535 342 3602 676.

223 3639 297 3706 790.
321 3637 428 3718 Quon
451 3659 487 3700 ur
508 3657 777 3721 rossnr,urr1u
792 3657 916 3702 nunno
932 3660 1040 3704 rurus
1054 3687 1061 3704 .
1075 3639 1247 3707 Wakefiel-

143 3738 200 3806 dus
215 3760 287 3808 eum
305 3741 372 3806 suis
393 3741 522 3808 soloeoe
537 3739 631 3820 Quod
643 3740 676 3804 εἰ
684 3754 789 3827 posset
804 3741 906 3824 enim,
921 3741 1017 3806 multo
1027 3743 1123 3828 prius
1139 3789 1147 3808 .
1163 3741 1248 3828 prio·

142 3853 192 3908 res
219 3863 291 3909 oum
314 3843 450 3910 Marullo
472 3844 543 3910 Hoc
570 3843 603 3908 oi
619 3856 728 3928 posset
756 3844 858 3926 uerbo,
881 3841 967 3926 quod
990 3849 1076 3910 uerte
1098 3845 1246 3910 Latinum

143 3952 189 4012 est
200 3993 208 4012 .
219 3945 321 4030 siquis
343 3947 391 4012 itu
410 3952 448 4012 ut
468 3964 569 4030 snpra
590 3942 652 4010 ieoi
668 3942 865 4027 distinguat,
883 3945 965 4010 onim
984 3944 1247 4031 adversativum,

143 4045 182 4112 de
202 4067 267 4133 quo
289 4067 354 4114 uon
375 4049 456 4115 setis
473 4047 628 4114 distinete·
639 4045 707 4129 egit
721 4045 869 4112 Hsndius
884 4046 918 4112 in
933 4047 1108 4113 Tursellini
1122 4055 1208 4114 tomo
1224 4070 1249 4112 rr

143 4168 173 4231 p.
184 4149 267 4235 397,
283 4151 317 4215 in
338 4151 478 4236 spodosi
499 4150 604 4215 loeum
628 4147 748 4214 babere
770 4167 834 4214 non
849 4148 978 4214 videtur
995 4197 1003 4213 .
1019 4149 1118 4215 miror
1139 4157 1248 4216 autem

144 4251 277 4318 eundem
291 4251 453 4319 Raudium
468 4250 600 4317 Gifenio
622 4251 755 4333 eiusque
776 4249 934 4316 similibus
957 4251 1087 4318 eredere
1109 4252 1142 4318 iu
1164 4251 1247 4318 libro

144 4354 333 4422 munerarii
363 4355 442 4420 1277
473 4353 520 4420 sio
546 4350 841 4436 distinguentibus,
870 4353 953 4418 enim
978 4377 1129 4440 praeroso
1158 4353 1248 4422 dolor

145 4457 334 4544 eeupmdat
344 4505 353 4541 ,
368 4455 560 4543 praesertim
581 4473 653 4522 eum
675 4453 780 4522 Plauti
803 4453 1015 4524 Memolnriee
1037 4474 1078 4523 ex
1099 4453 1247 4522 Varrone
