<?xml version="1.0" encoding="UTF-8"?>
<!DOCTYPE html PUBLIC "-//W3C//DTD XHTML 1.0 Transitional//EN"
    "http://www.w3.org/TR/xhtml1/DTD/xhtml1-transitional.dtd">
<html xmlns="http://www.w3.org/1999/xhtml" xml:lang="en" lang="en">
 <head>
  <title>
</title>
<meta http-equiv="Content-Type" content="text/html;charset=utf-8" />
  <meta name='ocr-system' content='tesseract 3.04.00' />
  <meta name='ocr-capabilities' content='ocr_page ocr_carea ocr_par ocr_line ocrx_word'/>
</head>
<body>
  <div class='ocr_page' id='page_1' title='image "./tlucreticarider24carugoog_0013.png"; bbox 0 0 3052 5144; ppageno 0'>
   <div class='ocr_carea' id='block_1_1' title="bbox 227 441 1269 4271">
    <p class='ocr_par' dir='ltr' id='par_1_1' title="bbox 227 441 1269 4271">
     <span class='ocr_line' id='line_1_1' title="bbox 294 441 865 510; baseline -0.014 0"><span class='ocrx_word' id='word_1_1' title='bbox 294 449 314 510; x_wconf 87' lang='lat'>6</span> <span class='ocrx_word' id='word_1_2' title='bbox 851 441 865 502; x_wconf 94' lang='lat' dir='ltr'><strong>l</strong></span> 
     </span>
     <span class='ocr_line' id='line_1_2' title="bbox 295 610 1111 694; baseline 0.002 -21"><span class='ocrx_word' id='word_1_3' title='bbox 295 611 405 692; x_wconf 85' lang='lat' dir='ltr'><strong>religio</strong></span> <span class='ocrx_word' id='word_1_4' title='bbox 430 610 553 694; x_wconf 76' lang='lat' dir='ltr'>peperit</span> <span class='ocrx_word' id='word_1_5' title='bbox 576 610 740 674; x_wconf 81' lang='lat' dir='ltr'><strong>scelerosa</strong></span> <span class='ocrx_word' id='word_1_6' title='bbox 763 619 858 691; x_wconf 87' lang='lat' dir='ltr'><strong>alque</strong></span> <span class='ocrx_word' id='word_1_7' title='bbox 882 610 981 694; x_wconf 87' lang='lat' dir='ltr'><strong>impia</strong></span> <span class='ocrx_word' id='word_1_8' title='bbox 1005 611 1111 674; x_wconf 84' lang='lat' dir='ltr'><strong>saeta.</strong></span> 
     </span>
     <span class='ocr_line' id='line_1_3' title="bbox 295 723 1025 806; baseline 0 -17"><span class='ocrx_word' id='word_1_9' title='bbox 295 725 409 789; x_wconf 81' lang='lat' dir='ltr'><strong>Aulide</strong></span> <span class='ocrx_word' id='word_1_10' title='bbox 432 744 494 804; x_wconf 92' lang='lat' dir='ltr'><strong>qno</strong></span> <span class='ocrx_word' id='word_1_11' title='bbox 518 727 613 806; x_wconf 85' lang='lat' dir='ltr'><strong>paeto</strong></span> <span class='ocrx_word' id='word_1_12' title='bbox 637 723 757 786; x_wconf 76' lang='lat' dir='ltr'><strong>Triviai</strong></span> <span class='ocrx_word' id='word_1_13' title='bbox 780 723 912 804; x_wconf 81' lang='lat' dir='ltr'><strong>virginis</strong></span> <span class='ocrx_word' id='word_1_14' title='bbox 935 745 1025 789; x_wconf 86' lang='lat' dir='ltr'><strong>araur</strong></span> 
     </span>
     <span class='ocr_line' id='line_1_4' title="bbox 232 838 983 922; baseline -0.005 -16"><span class='ocrx_word' id='word_1_15' title='bbox 232 863 264 908; x_wconf 76' lang='lat' dir='ltr'><strong>ss</strong></span> <span class='ocrx_word' id='word_1_16' title='bbox 298 839 497 922; x_wconf 81' lang='lat' dir='ltr'><strong>Iphianassai</strong></span> <span class='ocrx_word' id='word_1_17' title='bbox 522 845 689 920; x_wconf 82' lang='lat' dir='ltr'><strong>turparunt</strong></span> <span class='ocrx_word' id='word_1_18' title='bbox 712 839 869 918; x_wconf 84' lang='lat' dir='ltr'><strong>sangnine</strong></span> <span class='ocrx_word' id='word_1_19' title='bbox 888 838 983 902; x_wconf 87' lang='lat' dir='ltr'><strong>foede</strong></span> 
     </span>
     <span class='ocr_line' id='line_1_5' title="bbox 293 951 1084 1036; baseline 0 -18"><span class='ocrx_word' id='word_1_20' title='bbox 293 955 442 1018; x_wconf 79' lang='lat' dir='ltr'><strong>ductores</strong></span> <span class='ocrx_word' id='word_1_21' title='bbox 466 953 615 1016; x_wconf 88' lang='lat' dir='ltr'><strong>Danaum</strong></span> <span class='ocrx_word' id='word_1_22' title='bbox 641 951 776 1028; x_wconf 77' lang='lat' dir='ltr'><strong>delecti,</strong></span> <span class='ocrx_word' id='word_1_23' title='bbox 800 953 903 1036; x_wconf 90' lang='lat' dir='ltr'><strong>prima</strong></span> <span class='ocrx_word' id='word_1_24' title='bbox 925 953 1084 1018; x_wconf 90' lang='lat' dir='ltr'><strong>virorum.</strong></span> 
     </span>
     <span class='ocr_line' id='line_1_6' title="bbox 295 1065 1178 1154; baseline 0.002 -21"><span class='ocrx_word' id='word_1_25' title='bbox 295 1069 345 1134; x_wconf 91' lang='lat' dir='ltr'><strong>eui</strong></span> <span class='ocrx_word' id='word_1_26' title='bbox 368 1069 463 1132; x_wconf 89' lang='lat' dir='ltr'><strong>simul</strong></span> <span class='ocrx_word' id='word_1_27' title='bbox 485 1067 585 1131; x_wconf 87' lang='lat' dir='ltr'><strong>infula</strong></span> <span class='ocrx_word' id='word_1_28' title='bbox 607 1065 770 1146; x_wconf 77' lang='lat' dir='ltr'><strong>uirgineos</strong></span> <span class='ocrx_word' id='word_1_29' title='bbox 793 1068 907 1130; x_wconf 90' lang='lat' dir='ltr'><strong>eirenm</strong></span> <span class='ocrx_word' id='word_1_30' title='bbox 931 1067 1010 1132; x_wconf 86' lang='lat' dir='ltr'><strong>data</strong></span> <span class='ocrx_word' id='word_1_31' title='bbox 1033 1081 1178 1154; x_wconf 90' lang='lat' dir='ltr'><strong>oomptns</strong></span> 
     </span>
     <span class='ocr_line' id='line_1_7' title="bbox 294 1180 1084 1266; baseline -0.003 -19"><span class='ocrx_word' id='word_1_32' title='bbox 294 1205 333 1248; x_wconf 87' lang='lat' dir='ltr'><strong>ex</strong></span> <span class='ocrx_word' id='word_1_33' title='bbox 357 1191 493 1262; x_wconf 84' lang='lat' dir='ltr'><strong>utraque</strong></span> <span class='ocrx_word' id='word_1_34' title='bbox 516 1181 587 1265; x_wconf 88' lang='lat' dir='ltr'><strong>pari</strong></span> <span class='ocrx_word' id='word_1_35' title='bbox 611 1180 768 1244; x_wconf 83' lang='lat' dir='ltr'><strong>malarum</strong></span> <span class='ocrx_word' id='word_1_36' title='bbox 791 1187 881 1264; x_wconf 89' lang='lat' dir='ltr'><strong>parte</strong></span> <span class='ocrx_word' id='word_1_37' title='bbox 904 1182 1084 1266; x_wconf 81' lang='lat' dir='ltr'><strong>profusast,</strong></span> 
     </span>
     <span class='ocr_line' id='line_1_8' title="bbox 297 1294 1141 1380; baseline 0 -20"><span class='ocrx_word' id='word_1_38' title='bbox 297 1303 329 1360; x_wconf 86' lang='lat' dir='ltr'><strong>et</strong></span> <span class='ocrx_word' id='word_1_39' title='bbox 351 1305 484 1360; x_wconf 86' lang='lat' dir='ltr'><strong>mestum</strong></span> <span class='ocrx_word' id='word_1_40' title='bbox 508 1295 600 1360; x_wconf 87' lang='lat' dir='ltr'><strong>simul</strong></span> <span class='ocrx_word' id='word_1_41' title='bbox 623 1301 698 1358; x_wconf 90' lang='lat' dir='ltr'><strong>ante</strong></span> <span class='ocrx_word' id='word_1_42' title='bbox 721 1315 798 1358; x_wconf 87' lang='lat' dir='ltr'><strong>aras</strong></span> <span class='ocrx_word' id='word_1_43' title='bbox 820 1294 950 1360; x_wconf 88' lang='lat' dir='ltr'><strong>adstare</strong></span> <span class='ocrx_word' id='word_1_44' title='bbox 974 1305 1141 1380; x_wconf 85' lang='lat' dir='ltr'><strong>parentem</strong></span> 
     </span>
     <span class='ocr_line' id='line_1_9' title="bbox 233 1409 1203 1498; baseline 0.001 -20"><span class='ocrx_word' id='word_1_45' title='bbox 233 1433 266 1478; x_wconf 87' lang='lat' dir='ltr'><strong>ou</strong></span> <span class='ocrx_word' id='word_1_46' title='bbox 298 1411 415 1493; x_wconf 84' lang='lat' dir='ltr'><strong>sensit,</strong></span> <span class='ocrx_word' id='word_1_47' title='bbox 441 1419 472 1474; x_wconf 93' lang='lat' dir='ltr'><strong>et</strong></span> <span class='ocrx_word' id='word_1_48' title='bbox 496 1412 578 1474; x_wconf 88' lang='lat' dir='ltr'><strong>hune</strong></span> <span class='ocrx_word' id='word_1_49' title='bbox 600 1415 732 1492; x_wconf 91' lang='lat' dir='ltr'><strong>proptor</strong></span> <span class='ocrx_word' id='word_1_50' title='bbox 753 1409 869 1472; x_wconf 89' lang='lat' dir='ltr'><strong>serrum</strong></span> <span class='ocrx_word' id='word_1_51' title='bbox 893 1410 999 1474; x_wconf 81' lang='lat' dir='ltr'><strong>celare</strong></span> <span class='ocrx_word' id='word_1_52' title='bbox 1022 1412 1203 1498; x_wconf 85' lang='lat' dir='ltr'><strong>ministros,</strong></span> 
     </span>
     <span class='ocr_line' id='line_1_10' title="bbox 297 1522 1052 1608; baseline 0 -19"><span class='ocrx_word' id='word_1_53' title='bbox 297 1531 493 1608; x_wconf 86' lang='lat' dir='ltr'><strong>aspectuque</strong></span> <span class='ocrx_word' id='word_1_54' title='bbox 515 1544 572 1586; x_wconf 91' lang='lat' dir='ltr'><strong>sno</strong></span> <span class='ocrx_word' id='word_1_55' title='bbox 596 1522 746 1587; x_wconf 80' lang='lat' dir='ltr'><strong>laorimar</strong></span> <span class='ocrx_word' id='word_1_56' title='bbox 770 1522 931 1588; x_wconf 83' lang='lat' dir='ltr'><strong>effundere</strong></span> <span class='ocrx_word' id='word_1_57' title='bbox 954 1524 1052 1608; x_wconf 86' lang='lat' dir='ltr'><strong>eiris,</strong></span> 
     </span>
     <span class='ocr_line' id='line_1_11' title="bbox 298 1638 1156 1722; baseline 0 -20"><span class='ocrx_word' id='word_1_58' title='bbox 298 1648 383 1703; x_wconf 89' lang='lat' dir='ltr'><strong>rmrta</strong></span> <span class='ocrx_word' id='word_1_59' title='bbox 406 1645 491 1702; x_wconf 92' lang='lat' dir='ltr'><strong>metu</strong></span> <span class='ocrx_word' id='word_1_60' title='bbox 514 1645 628 1702; x_wconf 93' lang='lat' dir='ltr'><strong>terram</strong></span> <span class='ocrx_word' id='word_1_61' title='bbox 655 1638 791 1718; x_wconf 76' lang='lat' dir='ltr'>genibus</span> <span class='ocrx_word' id='word_1_62' title='bbox 814 1639 985 1703; x_wconf 88' lang='lat' dir='ltr'><strong>summissa</strong></span> <span class='ocrx_word' id='word_1_63' title='bbox 1006 1641 1156 1722; x_wconf 89' lang='lat' dir='ltr'><strong>petebat:</strong></span> 
     </span>
     <span class='ocr_line' id='line_1_12' title="bbox 298 1751 1134 1837; baseline 0.002 -19"><span class='ocrx_word' id='word_1_64' title='bbox 298 1775 357 1818; x_wconf 88' lang='lat' dir='ltr'><strong>nee</strong></span> <span class='ocrx_word' id='word_1_65' title='bbox 380 1754 516 1817; x_wconf 82' lang='lat' dir='ltr'><strong>miserae</strong></span> <span class='ocrx_word' id='word_1_66' title='bbox 539 1751 694 1835; x_wconf 74' lang='lat' dir='ltr'><strong>prodesse</strong></span> <span class='ocrx_word' id='word_1_67' title='bbox 717 1753 749 1816; x_wconf 89' lang='lat' dir='ltr'><strong>in</strong></span> <span class='ocrx_word' id='word_1_68' title='bbox 772 1753 829 1816; x_wconf 91' lang='lat' dir='ltr'><strong>tali</strong></span> <span class='ocrx_word' id='word_1_69' title='bbox 853 1759 996 1837; x_wconf 89' lang='lat' dir='ltr'><strong>tempore</strong></span> <span class='ocrx_word' id='word_1_70' title='bbox 1022 1755 1134 1836; x_wconf 86' lang='lat' dir='ltr'><strong>quibat</strong></span> 
     </span>
     <span class='ocr_line' id='line_1_13' title="bbox 298 1866 1144 1954; baseline 0.005 -23"><span class='ocrx_word' id='word_1_71' title='bbox 298 1869 382 1949; x_wconf 91' lang='lat' dir='ltr'><strong>quod</strong></span> <span class='ocrx_word' id='word_1_72' title='bbox 406 1867 510 1952; x_wconf 90' lang='lat' dir='ltr'><strong>patrio</strong></span> <span class='ocrx_word' id='word_1_73' title='bbox 534 1867 682 1950; x_wconf 73' lang='lat' dir='ltr'><strong>princeps</strong></span> <span class='ocrx_word' id='word_1_74' title='bbox 705 1866 843 1930; x_wconf 90' lang='lat' dir='ltr'><strong>donarat</strong></span> <span class='ocrx_word' id='word_1_75' title='bbox 865 1869 992 1932; x_wconf 90' lang='lat' dir='ltr'><strong>nomine</strong></span> <span class='ocrx_word' id='word_1_76' title='bbox 1016 1889 1144 1954; x_wconf 83' lang='lat' dir='ltr'><strong>regem:</strong></span> 
     </span>
     <span class='ocr_line' id='line_1_14' title="bbox 234 1981 1269 2066; baseline 0.001 -16"><span class='ocrx_word' id='word_1_77' title='bbox 234 2003 266 2050; x_wconf 81' lang='lat' dir='ltr'><strong>ao</strong></span> <span class='ocrx_word' id='word_1_78' title='bbox 299 2003 373 2046; x_wconf 87' lang='lat' dir='ltr'><strong>nam</strong></span> <span class='ocrx_word' id='word_1_79' title='bbox 397 1983 526 2046; x_wconf 85' lang='lat' dir='ltr'><strong>sublata</strong></span> <span class='ocrx_word' id='word_1_80' title='bbox 547 1982 648 2044; x_wconf 86' lang='lat' dir='ltr'><strong>virum</strong></span> <span class='ocrx_word' id='word_1_81' title='bbox 671 1981 819 2046; x_wconf 89' lang='lat' dir='ltr'><strong>manibus</strong></span> <span class='ocrx_word' id='word_1_82' title='bbox 842 1983 1108 2066; x_wconf 81' lang='lat' dir='ltr'><strong>tremibundaque</strong></span> <span class='ocrx_word' id='word_1_83' title='bbox 1130 1987 1172 2052; x_wconf 89' lang='lat' dir='ltr'><strong>ad</strong></span> <span class='ocrx_word' id='word_1_84' title='bbox 1193 2008 1269 2053; x_wconf 86' lang='lat' dir='ltr'><strong>aras</strong></span> 
     </span>
     <span class='ocr_line' id='line_1_15' title="bbox 297 2096 1180 2180; baseline 0.006 -20"><span class='ocrx_word' id='word_1_85' title='bbox 297 2096 485 2172; x_wconf 67' lang='lat' dir='ltr'><strong>dodonam,</strong></span> <span class='ocrx_word' id='word_1_86' title='bbox 509 2117 572 2159; x_wconf 90' lang='lat' dir='ltr'><strong>non</strong></span> <span class='ocrx_word' id='word_1_87' title='bbox 595 2103 629 2160; x_wconf 91' lang='lat' dir='ltr'><strong>ut</strong></span> <span class='ocrx_word' id='word_1_88' title='bbox 653 2097 798 2161; x_wconf 76' lang='lat' dir='ltr'><strong>sollemni</strong></span> <span class='ocrx_word' id='word_1_89' title='bbox 822 2117 910 2162; x_wconf 88' lang='lat' dir='ltr'><strong>more</strong></span> <span class='ocrx_word' id='word_1_90' title='bbox 933 2117 1095 2164; x_wconf 81' lang='lat' dir='ltr'><strong>sacrorum</strong></span> <span class='ocrx_word' id='word_1_91' title='bbox 1176 2171 1180 2180; x_wconf 55' lang='grc'><strong>,</strong></span> 
     </span>
     <span class='ocr_line' id='line_1_16' title="bbox 297 2199 1081 2298; baseline 0.004 -21"><span class='ocrx_word' id='word_1_92' title='bbox 297 2199 438 2298; x_wconf 80' lang='lat' dir='ltr'><strong>perfeeto</strong></span> <span class='ocrx_word' id='word_1_93' title='bbox 461 2217 572 2294; x_wconf 88' lang='lat' dir='ltr'><strong>posset</strong></span> <span class='ocrx_word' id='word_1_94' title='bbox 594 2211 681 2275; x_wconf 90' lang='lat' dir='ltr'><strong>olaro</strong></span> <span class='ocrx_word' id='word_1_95' title='bbox 705 2212 848 2276; x_wconf 87' lang='lat' dir='ltr'><strong>eomitari</strong></span> <span class='ocrx_word' id='word_1_96' title='bbox 872 2213 1081 2298; x_wconf 81' lang='lat' dir='ltr'><strong>Hymenaeo,</strong></span> 
     </span>
     <span class='ocr_line' id='line_1_17' title="bbox 298 2324 1132 2414; baseline 0.005 -22"><span class='ocrx_word' id='word_1_97' title='bbox 298 2327 354 2393; x_wconf 86' lang='lat' dir='ltr'><strong>sed</strong></span> <span class='ocrx_word' id='word_1_98' title='bbox 379 2333 468 2390; x_wconf 86' lang='lat' dir='ltr'><strong>easta</strong></span> <span class='ocrx_word' id='word_1_99' title='bbox 490 2324 629 2408; x_wconf 79' lang='lat' dir='ltr'><strong>inceste,</strong></span> <span class='ocrx_word' id='word_1_100' title='bbox 654 2326 795 2390; x_wconf 88' lang='lat' dir='ltr'><strong>nubendi</strong></span> <span class='ocrx_word' id='word_1_101' title='bbox 817 2334 962 2412; x_wconf 88' lang='lat' dir='ltr'><strong>tempore</strong></span> <span class='ocrx_word' id='word_1_102' title='bbox 985 2329 1017 2394; x_wconf 91' lang='lat' dir='ltr'><strong>in</strong></span> <span class='ocrx_word' id='word_1_103' title='bbox 1040 2331 1132 2414; x_wconf 85' lang='lat' dir='ltr'><strong>ipso,·</strong></span> 
     </span>
     <span class='ocr_line' id='line_1_18' title="bbox 299 2439 1104 2528; baseline 0.004 -22"><span class='ocrx_word' id='word_1_104' title='bbox 299 2443 402 2506; x_wconf 86' lang='lat' dir='ltr'><strong>hostia</strong></span> <span class='ocrx_word' id='word_1_105' title='bbox 425 2439 609 2504; x_wconf 85' lang='lat' dir='ltr'><strong>eoneideret</strong></span> <span class='ocrx_word' id='word_1_106' title='bbox 631 2447 772 2505; x_wconf 81' lang='lat' dir='ltr'><strong>mactatu</strong></span> <span class='ocrx_word' id='word_1_107' title='bbox 795 2449 918 2507; x_wconf 84' lang='lat' dir='ltr'><strong>maesta</strong></span> <span class='ocrx_word' id='word_1_108' title='bbox 941 2444 1104 2528; x_wconf 84' lang='lat' dir='ltr'><strong>parentis,</strong></span> 
     </span>
     <span class='ocr_line' id='line_1_19' title="bbox 228 2555 1057 2639; baseline -0.005 -13"><span class='ocrx_word' id='word_1_109' title='bbox 228 2582 276 2626; x_wconf 89' lang='lat' dir='ltr'><strong>roo</strong></span> <span class='ocrx_word' id='word_1_110' title='bbox 301 2558 402 2622; x_wconf 85' lang='lat' dir='ltr'><strong>exitus</strong></span> <span class='ocrx_word' id='word_1_111' title='bbox 425 2564 457 2620; x_wconf 94' lang='lat' dir='ltr'><strong>nt</strong></span> <span class='ocrx_word' id='word_1_112' title='bbox 479 2556 574 2620; x_wconf 81' lang='lat' dir='ltr'><strong>classi</strong></span> <span class='ocrx_word' id='word_1_113' title='bbox 597 2555 675 2620; x_wconf 83' lang='lat' dir='ltr'><strong>lelix</strong></span> <span class='ocrx_word' id='word_1_114' title='bbox 699 2555 886 2639; x_wconf 82' lang='lat' dir='ltr'><strong>faustusque</strong></span> <span class='ocrx_word' id='word_1_115' title='bbox 909 2557 1057 2624; x_wconf 86' lang='lat' dir='ltr'><strong>daretur.</strong></span> 
     </span>
     <span class='ocr_line' id='line_1_20' title="bbox 300 2672 1038 2756; baseline 0 -20"><span class='ocrx_word' id='word_1_116' title='bbox 300 2679 423 2736; x_wconf 89' lang='lat' dir='ltr'><strong>tautum</strong></span> <span class='ocrx_word' id='word_1_117' title='bbox 448 2672 559 2755; x_wconf 82' lang='lat' dir='ltr'><strong>religio</strong></span> <span class='ocrx_word' id='word_1_118' title='bbox 582 2674 683 2756; x_wconf 89' lang='lat' dir='ltr'><strong>potnit</strong></span> <span class='ocrx_word' id='word_1_119' title='bbox 706 2674 840 2738; x_wconf 84' lang='lat' dir='ltr'><strong>suadere</strong></span> <span class='ocrx_word' id='word_1_120' title='bbox 863 2673 1038 2738; x_wconf 88' lang='lat' dir='ltr'><strong>malorum.</strong></span> 
     </span>
     <span class='ocr_line' id='line_1_21' title="bbox 342 2787 1165 2871; baseline 0.005 -21"><span class='ocrx_word' id='word_1_121' title='bbox 342 2789 489 2853; x_wconf 84' lang='lat' dir='ltr'><strong>Tutemet</strong></span> <span class='ocrx_word' id='word_1_122' title='bbox 512 2789 647 2852; x_wconf 88' lang='lat' dir='ltr'><strong>anobis</strong></span> <span class='ocrx_word' id='word_1_123' title='bbox 670 2788 732 2852; x_wconf 90' lang='lat' dir='ltr'><strong>iam</strong></span> <span class='ocrx_word' id='word_1_124' title='bbox 757 2787 869 2870; x_wconf 89' lang='lat' dir='ltr'><strong>quovis</strong></span> <span class='ocrx_word' id='word_1_125' title='bbox 892 2795 1035 2871; x_wconf 89' lang='lat' dir='ltr'><strong>tempore</strong></span> <span class='ocrx_word' id='word_1_126' title='bbox 1058 2797 1165 2854; x_wconf 87' lang='lat' dir='ltr'><strong>ratum</strong></span> 
     </span>
     <span class='ocr_line' id='line_1_22' title="bbox 299 2902 1098 2984; baseline -0.003 -18"><span class='ocrx_word' id='word_1_127' title='bbox 299 2902 479 2983; x_wconf 81' lang='lat' dir='ltr'><strong>terriloquis</strong></span> <span class='ocrx_word' id='word_1_128' title='bbox 501 2903 602 2968; x_wconf 88' lang='lat' dir='ltr'><strong>vietus</strong></span> <span class='ocrx_word' id='word_1_129' title='bbox 626 2903 718 2966; x_wconf 87' lang='lat' dir='ltr'><strong>dietis</strong></span> <span class='ocrx_word' id='word_1_130' title='bbox 741 2903 919 2967; x_wconf 88' lang='lat' dir='ltr'><strong>deseiseere</strong></span> <span class='ocrx_word' id='word_1_131' title='bbox 944 2921 1098 2984; x_wconf 69' lang='lat' dir='ltr'><strong>quaeres</strong></span> 
     </span>
     <span class='ocr_line' id='line_1_23' title="bbox 298 3017 1262 3103; baseline 0 -21"><span class='ocrx_word' id='word_1_132' title='bbox 298 3019 415 3103; x_wconf 89' lang='lat' dir='ltr'><strong>qnippe</strong></span> <span class='ocrx_word' id='word_1_133' title='bbox 438 3019 556 3083; x_wconf 89' lang='lat' dir='ltr'><strong>etenim</strong></span> <span class='ocrx_word' id='word_1_134' title='bbox 580 3039 675 3100; x_wconf 89' lang='lat' dir='ltr'><strong>qnam</strong></span> <span class='ocrx_word' id='word_1_135' title='bbox 700 3019 799 3082; x_wconf 82' lang='lat' dir='ltr'><strong>inulla</strong></span> <span class='ocrx_word' id='word_1_136' title='bbox 820 3017 875 3080; x_wconf 90' lang='lat' dir='ltr'><strong>tibi</strong></span> <span class='ocrx_word' id='word_1_137' title='bbox 900 3019 964 3083; x_wconf 86' lang='lat' dir='ltr'><strong>iam</strong></span> <span class='ocrx_word' id='word_1_138' title='bbox 987 3019 1105 3098; x_wconf 86' lang='lat' dir='ltr'><strong>fingere</strong></span> <span class='ocrx_word' id='word_1_139' title='bbox 1129 3023 1262 3102; x_wconf 85' lang='lat' dir='ltr'><strong>possunt</strong></span> 
     </span>
     <span class='ocr_line' id='line_1_24' title="bbox 227 3133 1117 3218; baseline -0.008 -16"><span class='ocrx_word' id='word_1_140' title='bbox 227 3156 276 3202; x_wconf 80' lang='lat' dir='ltr'><strong>roa</strong></span> <span class='ocrx_word' id='word_1_141' title='bbox 300 3135 444 3216; x_wconf 86' lang='lat' dir='ltr'><strong>somnia,</strong></span> <span class='ocrx_word' id='word_1_142' title='bbox 470 3153 553 3214; x_wconf 89' lang='lat' dir='ltr'><strong>qnae</strong></span> <span class='ocrx_word' id='word_1_143' title='bbox 576 3135 660 3197; x_wconf 81' lang='lat' dir='ltr'><strong>ritae</strong></span> <span class='ocrx_word' id='word_1_144' title='bbox 684 3133 825 3197; x_wconf 89' lang='lat' dir='ltr'><strong>rationes</strong></span> <span class='ocrx_word' id='word_1_145' title='bbox 847 3141 970 3200; x_wconf 87' lang='lat' dir='ltr'><strong>vertere</strong></span> <span class='ocrx_word' id='word_1_146' title='bbox 993 3133 1117 3218; x_wconf 86' lang='lat' dir='ltr'><strong>possint</strong></span> 
     </span>
     <span class='ocr_line' id='line_1_25' title="bbox 298 3247 1025 3328; baseline 0.003 -18"><span class='ocrx_word' id='word_1_147' title='bbox 298 3247 505 3328; x_wconf 86' lang='lat' dir='ltr'><strong>fortunasque</strong></span> <span class='ocrx_word' id='word_1_148' title='bbox 529 3255 599 3311; x_wconf 89' lang='lat' dir='ltr'><strong>tuas</strong></span> <span class='ocrx_word' id='word_1_149' title='bbox 623 3247 725 3312; x_wconf 86' lang='lat' dir='ltr'><strong>onmis</strong></span> <span class='ocrx_word' id='word_1_150' title='bbox 746 3248 874 3312; x_wconf 85' lang='lat' dir='ltr'><strong>turbare</strong></span> <span class='ocrx_word' id='word_1_151' title='bbox 897 3249 1025 3312; x_wconf 88' lang='lat' dir='ltr'><strong>timore!</strong></span> 
     </span>
     <span class='ocr_line' id='line_1_26' title="bbox 299 3362 1156 3429; baseline 0 -2"><span class='ocrx_word' id='word_1_152' title='bbox 299 3369 331 3428; x_wconf 90' lang='lat' dir='ltr'><strong>et</strong></span> <span class='ocrx_word' id='word_1_153' title='bbox 354 3362 485 3426; x_wconf 90' lang='lat' dir='ltr'><strong>merito:</strong></span> <span class='ocrx_word' id='word_1_154' title='bbox 511 3385 583 3427; x_wconf 89' lang='lat' dir='ltr'><strong>uam</strong></span> <span class='ocrx_word' id='word_1_155' title='bbox 606 3363 632 3428; x_wconf 88' lang='lat' dir='ltr'><strong>si</strong></span> <span class='ocrx_word' id='word_1_156' title='bbox 656 3369 773 3427; x_wconf 83' lang='lat' dir='ltr'><strong>certam</strong></span> <span class='ocrx_word' id='word_1_157' title='bbox 796 3363 892 3428; x_wconf 89' lang='lat' dir='ltr'><strong>tinem</strong></span> <span class='ocrx_word' id='word_1_158' title='bbox 916 3383 989 3428; x_wconf 90' lang='lat' dir='ltr'><strong>esse</strong></span> <span class='ocrx_word' id='word_1_159' title='bbox 1010 3363 1156 3429; x_wconf 88' lang='lat' dir='ltr'><strong>riderent</strong></span> 
     </span>
     <span class='ocr_line' id='line_1_27' title="bbox 297 3477 1154 3560; baseline 0.004 -19"><span class='ocrx_word' id='word_1_160' title='bbox 297 3497 522 3542; x_wconf 90' lang='lat' dir='ltr'><strong>aernnmarum</strong></span> <span class='ocrx_word' id='word_1_161' title='bbox 546 3477 708 3560; x_wconf 86' lang='lat' dir='ltr'><strong>homines,</strong></span> <span class='ocrx_word' id='word_1_162' title='bbox 732 3479 840 3560; x_wconf 83' lang='lat' dir='ltr'><strong>aliqua</strong></span> <span class='ocrx_word' id='word_1_163' title='bbox 862 3479 985 3542; x_wconf 89' lang='lat' dir='ltr'><strong>ratione</strong></span> <span class='ocrx_word' id='word_1_164' title='bbox 1007 3479 1154 3544; x_wconf 86' lang='lat' dir='ltr'><strong>valerent</strong></span> 
     </span>
     <span class='ocr_line' id='line_1_28' title="bbox 298 3590 1065 3673; baseline 0.001 -18"><span class='ocrx_word' id='word_1_165' title='bbox 298 3590 508 3673; x_wconf 88' lang='lat' dir='ltr'><strong>religionibus</strong></span> <span class='ocrx_word' id='word_1_166' title='bbox 531 3598 626 3672; x_wconf 88' lang='lat' dir='ltr'><strong>atque</strong></span> <span class='ocrx_word' id='word_1_167' title='bbox 649 3593 743 3656; x_wconf 89' lang='lat' dir='ltr'><strong>minis</strong></span> <span class='ocrx_word' id='word_1_168' title='bbox 764 3593 918 3658; x_wconf 88' lang='lat' dir='ltr'><strong>obsistere</strong></span> <span class='ocrx_word' id='word_1_169' title='bbox 939 3599 1065 3656; x_wconf 89' lang='lat' dir='ltr'><strong>valum:</strong></span> 
     </span>
     <span class='ocr_line' id='line_1_29' title="bbox 227 3705 1147 3790; baseline 0.001 -18"><span class='ocrx_word' id='word_1_170' title='bbox 227 3728 276 3772; x_wconf 88' lang='lat' dir='ltr'><strong>rm</strong></span> <span class='ocrx_word' id='word_1_171' title='bbox 301 3726 384 3770; x_wconf 61' lang='lat' dir='ltr'><strong>nune»</strong></span> <span class='ocrx_word' id='word_1_172' title='bbox 407 3705 486 3769; x_wconf 89' lang='lat' dir='ltr'><strong>ratio</strong></span> <span class='ocrx_word' id='word_1_173' title='bbox 509 3705 599 3769; x_wconf 90' lang='lat' dir='ltr'><strong>nulla</strong></span> <span class='ocrx_word' id='word_1_174' title='bbox 622 3713 670 3770; x_wconf 92' lang='lat' dir='ltr'><strong>est</strong></span> <span class='ocrx_word' id='word_1_175' title='bbox 692 3707 852 3790; x_wconf 87' lang='lat' dir='ltr'><strong>restandi,</strong></span> <span class='ocrx_word' id='word_1_176' title='bbox 877 3707 966 3770; x_wconf 90' lang='lat' dir='ltr'><strong>nulla</strong></span> <span class='ocrx_word' id='word_1_177' title='bbox 989 3706 1147 3790; x_wconf 84' lang='lat' dir='ltr'><strong>saonltas,</strong></span> 
     </span>
     <span class='ocr_line' id='line_1_30' title="bbox 298 3820 1189 3914; baseline 0.004 -29"><span class='ocrx_word' id='word_1_178' title='bbox 298 3829 448 3914; x_wconf 74' lang='lat' dir='ltr'><strong>aeternas</strong></span> <span class='ocrx_word' id='word_1_179' title='bbox 471 3820 621 3903; x_wconf 86' lang='lat' dir='ltr'><strong>quoniam</strong></span> <span class='ocrx_word' id='word_1_180' title='bbox 645 3841 766 3906; x_wconf 88' lang='lat' dir='ltr'><strong>poenas</strong></span> <span class='ocrx_word' id='word_1_181' title='bbox 788 3823 820 3886; x_wconf 91' lang='lat' dir='ltr'><strong>iu</strong></span> <span class='ocrx_word' id='word_1_182' title='bbox 844 3829 944 3886; x_wconf 87' lang='lat' dir='ltr'><strong>morte</strong></span> <span class='ocrx_word' id='word_1_183' title='bbox 966 3821 1189 3889; x_wconf 89' lang='lat' dir='ltr'><strong>timendnmst.</strong></span> 
     </span>
     <span class='ocr_line' id='line_1_31' title="bbox 239 3913 1038 4020; baseline 0 -20"><span class='ocrx_word' id='word_1_184' title='bbox 239 3913 464 4020; x_wconf 52' lang='lat' dir='ltr'><strong>w”ignoratur</strong></span> <span class='ocrx_word' id='word_1_185' title='bbox 486 3937 570 4001; x_wconf 89' lang='lat' dir='ltr'><strong>enim</strong></span> <span class='ocrx_word' id='word_1_186' title='bbox 595 3955 678 4018; x_wconf 87' lang='lat' dir='ltr'><strong>qnae</strong></span> <span class='ocrx_word' id='word_1_187' title='bbox 701 3937 741 3999; x_wconf 92' lang='lat' dir='ltr'><strong>sit</strong></span> <span class='ocrx_word' id='word_1_188' title='bbox 765 3943 878 4002; x_wconf 84' lang='lat' dir='ltr'><strong>natura</strong></span> <span class='ocrx_word' id='word_1_189' title='bbox 900 3937 1038 4020; x_wconf 89' lang='lat' dir='ltr'><strong>animai,</strong></span> 
     </span>
     <span class='ocr_line' id='line_1_32' title="bbox 300 4053 1103 4129; baseline -0.001 -14"><span class='ocrx_word' id='word_1_190' title='bbox 300 4059 376 4116; x_wconf 88' lang='lat' dir='ltr'><strong>nata</strong></span> <span class='ocrx_word' id='word_1_191' title='bbox 398 4053 458 4128; x_wconf 86' lang='lat' dir='ltr'><strong>sit,</strong></span> <span class='ocrx_word' id='word_1_192' title='bbox 482 4072 521 4116; x_wconf 84' lang='lat' dir='ltr'><strong>ao</strong></span> <span class='ocrx_word' id='word_1_193' title='bbox 546 4057 658 4116; x_wconf 88' lang='lat' dir='ltr'><strong>ooutra</strong></span> <span class='ocrx_word' id='word_1_194' title='bbox 682 4053 887 4117; x_wconf 83' lang='lat' dir='ltr'><strong>nascentibus</strong></span> <span class='ocrx_word' id='word_1_195' title='bbox 909 4053 1103 4129; x_wconf 76' lang='lat' dir='ltr'><strong>insinuetur,</strong></span> 
     </span>
     <span class='ocr_line' id='line_1_33' title="bbox 299 4166 1110 4271; baseline 0.001 -40"><span class='ocrx_word' id='word_1_196' title='bbox 299 4176 329 4231; x_wconf 89' lang='lat' dir='ltr'><strong>et</strong></span> <span class='ocrx_word' id='word_1_197' title='bbox 351 4167 449 4271; x_wconf 64' lang='lat' dir='ltr'><strong>sirmd</strong></span> <span class='ocrx_word' id='word_1_198' title='bbox 465 4167 600 4230; x_wconf 90' lang='lat' dir='ltr'><strong>intereat</strong></span> <span class='ocrx_word' id='word_1_199' title='bbox 623 4166 787 4232; x_wconf 89' lang='lat' dir='ltr'><strong>nobiseum</strong></span> <span class='ocrx_word' id='word_1_200' title='bbox 810 4173 911 4231; x_wconf 92' lang='lat' dir='ltr'><strong>morte</strong></span> <span class='ocrx_word' id='word_1_201' title='bbox 934 4169 1110 4252; x_wconf 83' lang='lat' dir='ltr'><strong>dirempta,</strong></span> 
     </span>
    </p>
   </div>
   <div class='ocr_carea' id='block_1_2' title="bbox 301 4415 1190 4488">
    <p class='ocr_par' dir='ltr' id='par_1_2' title="bbox 301 4415 1190 4488">
     <span class='ocr_line' id='line_1_34' title="bbox 301 4415 1190 4488; baseline 0.002 -22"><span class='ocrx_word' id='word_1_202' title='bbox 301 4420 333 4466; x_wconf 76' lang='lat'><strong>84</strong></span> <span class='ocrx_word' id='word_1_203' title='bbox 353 4417 438 4466; x_wconf 79' lang='lat' dir='ltr'><strong>tririut</strong></span> <span class='ocrx_word' id='word_1_204' title='bbox 459 4415 472 4484; x_wconf 72' lang='lat' dir='ltr'><strong>d</strong></span> <span class='ocrx_word' id='word_1_205' title='bbox 496 4421 543 4466; x_wconf 75' lang='lat' dir='ltr'><strong>lor</strong></span> <span class='ocrx_word' id='word_1_206' title='bbox 563 4418 669 4480; x_wconf 81' lang='lat' dir='ltr'><strong>quodvis</strong></span> <span class='ocrx_word' id='word_1_207' title='bbox 689 4415 702 4486; x_wconf 75' lang='grc' dir='ltr'>Η</span> <span class='ocrx_word' id='word_1_208' title='bbox 726 4422 774 4468; x_wconf 75' lang='lat' dir='ltr'><strong>rot</strong></span> <span class='ocrx_word' id='word_1_209' title='bbox 793 4433 910 4483; x_wconf 87' lang='lat' dir='ltr'><strong>possum.</strong></span> <span class='ocrx_word' id='word_1_210' title='bbox 930 4415 943 4488; x_wconf 79' lang='grc' dir='ltr'>Η</span> <span class='ocrx_word' id='word_1_211' title='bbox 968 4421 1013 4466; x_wconf 92' lang='lat' dir='ltr'><strong>lll</strong></span> <span class='ocrx_word' id='word_1_212' title='bbox 1035 4419 1190 4468; x_wconf 85' lang='lat' dir='ltr'><strong>timendum.</strong></span> 
     </span>
    </p>
   </div>
   <div class='ocr_carea' id='block_1_3' title="bbox 0 0 1564 5144">
    <p class='ocr_par' dir='ltr' id='par_1_3' title="bbox 0 0 1564 5144">
     <span class='ocr_line' id='line_1_35' title="bbox 0 0 1564 5144; baseline 0 0"><span class='ocrx_word' id='word_1_213' title='bbox 0 0 1564 5144; x_wconf 95' lang='lat' dir='ltr'><strong> </strong></span> 
     </span>
    </p>
   </div>
  </div>
 </body>
</html>
