3020 5146
346 438 406 502 116
881 433 946 498 1111

345 605 390 668 sie
413 624 473 686 ego
496 625 601 688 nune,
618 605 768 688 quonium
790 604 869 670 haee
891 605 974 670 ratio
996 607 1182 692 plerumque
1204 607 1329 674 ridetur

343 719 462 784 tristior
485 739 555 785 esse
580 721 695 802 quibus
717 741 781 784 non
805 725 853 786 est
875 697 1027 800 tractate:
1043 729 1191 805 retroque

287 853 320 900 20
346 834 460 918 volgus
482 833 633 900 abhorret
655 836 696 900 ab
718 835 799 920 hee,
817 836 902 900 volui
926 835 982 900 tibi
1005 836 1242 919 suaviloquenti

345 949 485 1014 earmine
507 949 612 1014 Pierio
636 950 791 1016 rationem
815 969 976 1034 exponere
999 957 1140 1038 nestrum

346 1069 378 1127 et
401 1065 493 1145 quasi
516 1085 646 1130 musaeo
670 1065 756 1130 dulei
778 1067 961 1146 contingere
984 1039 1100 1142 meile;

344 1178 371 1242 si
394 1179 451 1244 tibi
474 1174 557 1245 forte
579 1181 717 1244 animum
739 1181 796 1244 tuli
817 1181 942 1246 ratione
965 1187 1074 1244 tenere

343 1293 490 1358 versibus
512 1295 544 1358 in
568 1295 685 1361 nostris
706 1316 853 1378 possem,
870 1297 944 1360 duur
968 1295 1107 1382 percipis
1131 1315 1257 1390 emnem
1287 1353 1306 1392 ·

287 1426 320 1472 25
345 1415 490 1472 naturam
514 1429 680 1478 rerumne
703 1411 861 1494 persentis
884 1409 1099 1497 utilitates]

387 1523 489 1604 Atque
513 1523 608 1588 anirni
631 1526 780 1604 quonium
805 1525 897 1590 doeui
920 1533 1035 1592 natura
1058 1525 1134 1606 quid
1158 1533 1243 1590 esset

344 1637 512 1719 siquibus
535 1641 670 1704 erebus
693 1661 764 1704 euru
788 1661 919 1725 corpure
943 1647 1069 1724 uonrpta
1092 1641 1214 1720 vigeret

345 1773 445 1834 quove
469 1753 563 1818 rnudu
587 1755 740 1820 distractu
763 1755 881 1820 rediret
903 1755 936 1818 in
960 1754 1052 1818 ordia
1073 1755 1196 1838 prima,

345 1887 428 1932 nuue
448 1889 546 1952 agere
569 1870 717 1953 ineipiarn
741 1869 819 1952 tibi,
837 1869 922 1951 quod
945 1875 1107 1934 vernenter
1127 1867 1169 1932 ad
1192 1867 1252 1932 hes
1276 1889 1330 1934 res

287 1967 322 2048 eu
345 1983 475 2068 attinet,
492 2003 565 2049 esse
589 2005 627 2048 ea
650 2003 733 2066 quae
758 2004 861 2047 rerum
884 1983 1058 2048 siuruiaern
1081 2003 1253 2064 roearuus3

345 2117 446 2180 quae,
464 2099 554 2179 quusi
578 2099 783 2164 membranae
807 2121 931 2164 suruuru
955 2097 995 2163 de
1018 2116 1152 2181 corpore
1175 2117 1282 2162 return

345 2209 518 2296 dereptae,
535 2213 668 2278 volitant
690 2213 835 2295 ultroque
859 2213 1001 2296 eitroque
1023 2232 1081 2297 per
1103 2232 1222 2290 auras,

345 2333 440 2408 utque
464 2327 579 2392 eudern
601 2328 694 2392 nubis
717 2327 921 2411 vigilantibus
943 2329 1040 2392 ebrie
1063 2333 1185 2392 mentes

290 2419 296 2430 ⁴
344 2441 518 2506 terrificant
539 2449 636 2523 atque
658 2443 690 2506 in
713 2443 854 2520 somnis,
871 2463 940 2506 euru
965 2461 1066 2526 saepe
1088 2441 1207 2525 figuras

287 2577 320 2624 35
346 2557 522 2621 contuimur
546 2557 642 2622 mirus
665 2557 898 2639 simulacraque
921 2557 991 2621 lune
1015 2563 1197 2630 narenturu,

345 2690 427 2753 quae
450 2691 510 2736 nus
532 2669 679 2736 horrifice
702 2672 884 2754 languentis
906 2690 1005 2756 saepe
1027 2689 1142 2754 sopore

347 2787 530 2865 exeierunt;
547 2806 587 2852 ue
610 2785 690 2851 sorte
713 2787 836 2851 animas
859 2785 1039 2850 Acherunte
1062 2805 1190 2850 reamur

345 2900 485 2982 effugere
509 2907 564 2965 aut
586 2900 714 2964 urnbras
735 2901 817 2966 inter
840 2901 931 2966 vivus
954 2901 1110 2978 volitare,

344 3035 425 3082 neve
449 3015 569 3098 aliquid
593 3015 694 3079 nostri
717 3021 942 3099 postmortem
966 3035 1061 3098 posse
1085 3015 1242 3097 relinqui,

287 3150 320 3195 re
346 3150 417 3194 eurn
440 3151 556 3216 eorpus
579 3131 672 3194 siruul
696 3137 791 3210 atque
814 3130 909 3194 animi
934 3135 1047 3194 natura
1069 3136 1237 3213 perempta

347 3245 378 3308 in
402 3265 461 3309 sua
484 3246 659 3310 discessum
684 3246 831 3310 dederint
853 3243 1029 3328 primordia
1053 3245 1209 3325 quoique.

391 3359 469 3424 Dieu
490 3359 585 3443 igitur
608 3337 710 3424 reruru
734 3359 859 3440 effigias
882 3359 1050 3442 tenuisque
1073 3358 1192 3440 figures

346 3474 463 3538 urittier
485 3475 526 3538 nb
550 3475 664 3557 rebus,
682 3493 804 3538 surnruo
828 3472 868 3538 de
893 3491 1025 3556 corpere
1048 3492 1170 3549 rerunt,

288 3610 318 3656 ur
347 3609 429 3670 (pune
454 3590 544 3670 quasi
569 3590 774 3654 urerubrunae
797 3587 847 3652 rel
871 3593 979 3652 uertex
1003 3586 1274 3670 rrourinitandust,

347 3701 431 3784 quod
454 3701 593 3786 speeieur
617 3722 654 3766 ae
676 3701 812 3766 sorruanr
835 3701 969 3766 siruileru
992 3701 1074 3784 gerit
1096 3701 1165 3764 eius
1187 3701 1317 3781 imago,

345 3817 435 3882 euius
459 3835 592 3898 euinque
616 3816 700 3880 eluet
722 3815 763 3881 de
787 3836 921 3900 corpure
943 3815 1017 3880 fusa
1038 3813 1173 3895 vagari.

287 3953 320 3998 44
346 3931 379 3994 id
402 3931 477 3994 lieet
499 3930 573 3994 hine
596 3931 743 4011 quumvis
765 3905 1092 4012 hebeti⁸eogu0seere
1114 3927 1231 3994 eorde.

288 4067 321 4112 54
347 4045 502 4130 principie
527 4045 679 4125 quoniam
700 4045 827 4110 mittunt
848 4045 880 4108 in
904 4045 999 4110 rebus
1022 4043 1140 4129 apertis

346 4211 546 4218 -—-—-—-—-.-

349 4315 378 4362 21
402 4311 481 4376 pierio
501 4309 515 4380 Η
535 4314 565 4359 41
588 4325 718 4373 quaeque.
740 4308 753 4376 il
774 4313 807 4358 42
827 4309 933 4373 effugies
953 4309 967 4378 ΙΙ
987 4312 1020 4358 48
1040 4309 1134 4360 eor-tice
1152 4321 1257 4367 eurum.
1279 4307 1291 4376 ΙΙ·
1314 4309 1434 4357 45-48
1448 4327 1469 4334 -

349 4416 389 4461 ιιι,
402 4403 531 4448 31-3-1.
550 4396 565 4468 Η
586 4400 811 4446 ruue=nsuu
833 4393 845 4464 Η
867 4401 895 4446 ur
919 4399 969 4459 Qui
991 4395 1004 4465 ΙΙ
1025 4401 1058 4446 nu
1077 4397 1142 4446 cives
1162 4391 1387 4462 permittuntur
