<?xml version="1.0" encoding="UTF-8"?>
<!DOCTYPE html PUBLIC "-//W3C//DTD XHTML 1.0 Transitional//EN"
    "http://www.w3.org/TR/xhtml1/DTD/xhtml1-transitional.dtd">
<html xmlns="http://www.w3.org/1999/xhtml" xml:lang="en" lang="en">
 <head>
  <title>
</title>
<meta http-equiv="Content-Type" content="text/html;charset=utf-8" />
  <meta name='ocr-system' content='tesseract 3.04.00' />
  <meta name='ocr-capabilities' content='ocr_page ocr_carea ocr_par ocr_line ocrx_word'/>
</head>
<body>
  <div class='ocr_page' id='page_1' title='image "./tlucreticarider24carugoog_0641.png"; bbox 0 0 3110 5146; ppageno 0'>
   <div class='ocr_carea' id='block_1_1' title="bbox 313 358 889 424">
    <p class='ocr_par' dir='ltr' id='par_1_1' title="bbox 313 358 889 424">
     <span class='ocr_line' id='line_1_1' title="bbox 313 358 889 424; baseline 0.002 -2"><span class='ocrx_word' id='word_1_1' title='bbox 313 358 376 424; x_wconf 89' lang='lat'><strong>386</strong></span> <span class='ocrx_word' id='word_1_2' title='bbox 845 359 889 423; x_wconf 90' lang='lat' dir='ltr'><strong>Vl</strong></span> 
     </span>
    </p>
   </div>
   <div class='ocr_carea' id='block_1_2' title="bbox 312 525 1532 719">
    <p class='ocr_par' dir='ltr' id='par_1_2' title="bbox 312 525 1532 719">
     <span class='ocr_line' id='line_1_2' title="bbox 312 525 1532 616; baseline -0.002 -22"><span class='ocrx_word' id='word_1_3' title='bbox 312 528 377 594; x_wconf 85' lang='lat' dir='ltr'><strong>tale</strong></span> <span class='ocrx_word' id='word_1_4' title='bbox 392 528 493 596; x_wconf 87' lang='lat' dir='ltr'><strong>fuisse</strong></span> <span class='ocrx_word' id='word_1_5' title='bbox 508 531 604 613; x_wconf 85' lang='lat' dir='ltr'><strong>quale</strong></span> <span class='ocrx_word' id='word_1_6' title='bbox 620 529 716 596; x_wconf 91' lang='lat' dir='ltr'><strong>modo</strong></span> <span class='ocrx_word' id='word_1_7' title='bbox 732 529 908 616; x_wconf 79' lang='lat' dir='ltr'><strong>simplicius</strong></span> <span class='ocrx_word' id='word_1_8' title='bbox 928 527 1040 612; x_wconf 80' lang='lat' dir='ltr'><strong>posui,</strong></span> <span class='ocrx_word' id='word_1_9' title='bbox 1058 533 1205 612; x_wconf 87' lang='lat' dir='ltr'><strong>resorpta</strong></span> <span class='ocrx_word' id='word_1_10' title='bbox 1226 527 1337 610; x_wconf 78' lang='lat' dir='ltr'><strong>maris,</strong></span> <span class='ocrx_word' id='word_1_11' title='bbox 1353 525 1406 592; x_wconf 87' lang='lat' dir='ltr'><strong>scd</strong></span> <span class='ocrx_word' id='word_1_12' title='bbox 1496 543 1501 552; x_wconf 87' lang='lat'><strong>·</strong></span> <span class='ocrx_word' id='word_1_13' title='bbox 1531 563 1532 572; x_wconf 28' lang='grc' dir='ltr'>ι</span> 
     </span>
     <span class='ocr_line' id='line_1_3' title="bbox 312 627 1532 719; baseline -0.004 -24"><span class='ocrx_word' id='word_1_14' title='bbox 312 631 418 716; x_wconf 90' lang='lat' dir='ltr'><strong>potins</strong></span> <span class='ocrx_word' id='word_1_15' title='bbox 431 631 605 698; x_wconf 83' lang='lat' dir='ltr'><strong>calefactas</strong></span> <span class='ocrx_word' id='word_1_16' title='bbox 617 633 716 698; x_wconf 79' lang='lat' dir='ltr'><strong>maris</strong></span> <span class='ocrx_word' id='word_1_17' title='bbox 728 639 854 719; x_wconf 84' lang='lat' dir='ltr'><strong>partes,</strong></span> <span class='ocrx_word' id='word_1_18' title='bbox 871 629 1012 696; x_wconf 84' lang='lat' dir='ltr'><strong>ostendit</strong></span> <span class='ocrx_word' id='word_1_19' title='bbox 1024 629 1185 696; x_wconf 87' lang='lat' dir='ltr'><strong>adiectum</strong></span> <span class='ocrx_word' id='word_1_20' title='bbox 1196 631 1339 718; x_wconf 75' lang='lat' dir='ltr'><strong>penitas:</strong></span> <span class='ocrx_word' id='word_1_21' title='bbox 1353 627 1407 692; x_wconf 88' lang='lat' dir='ltr'><strong>loc</strong></span> <span class='ocrx_word' id='word_1_22' title='bbox 1531 663 1532 690; x_wconf 54' lang='grc' dir='ltr'>ι</span> 
     </span>
    </p>
   </div>
   <div class='ocr_carea' id='block_1_3' title="bbox 311 723 1409 1024">
    <p class='ocr_par' dir='ltr' id='par_1_3' title="bbox 311 705 1532 1024">
     <span class='ocr_line' id='line_1_4' title="bbox 312 723 1407 821; baseline -0.006 -21"><span class='ocrx_word' id='word_1_23' title='bbox 312 733 398 800; x_wconf 89' lang='lat' dir='ltr'><strong>enim</strong></span> <span class='ocrx_word' id='word_1_24' title='bbox 420 734 463 800; x_wconf 88' lang='lat' dir='ltr'><strong>ad</strong></span> <span class='ocrx_word' id='word_1_25' title='bbox 482 723 651 821; x_wconf 71' lang='lat' dir='ltr'><strong>penetrare</strong></span> <span class='ocrx_word' id='word_1_26' title='bbox 665 736 827 821; x_wconf 87' lang='lat' dir='ltr'><strong>pertinere</strong></span> <span class='ocrx_word' id='word_1_27' title='bbox 841 753 906 799; x_wconf 91' lang='lat' dir='ltr'><strong>non</strong></span> <span class='ocrx_word' id='word_1_28' title='bbox 929 737 978 798; x_wconf 89' lang='lat' dir='ltr'><strong>est</strong></span> <span class='ocrx_word' id='word_1_29' title='bbox 992 732 1061 799; x_wconf 84' lang='lat' dir='ltr'><strong>veri</strong></span> <span class='ocrx_word' id='word_1_30' title='bbox 1080 731 1205 816; x_wconf 85' lang='lat' dir='ltr'><strong>simile,</strong></span> <span class='ocrx_word' id='word_1_31' title='bbox 1222 751 1292 797; x_wconf 91' lang='lat' dir='ltr'><strong>cum</strong></span> <span class='ocrx_word' id='word_1_32' title='bbox 1306 731 1337 796; x_wconf 94' lang='lat' dir='ltr'><strong>in</strong></span> <span class='ocrx_word' id='word_1_33' title='bbox 1350 730 1407 794; x_wconf 89' lang='lat' dir='ltr'><strong>line</strong></span> 
     </span>
     <span class='ocr_line' id='line_1_5' title="bbox 311 837 1408 926; baseline -0.004 -25"><span class='ocrx_word' id='word_1_34' title='bbox 311 855 424 902; x_wconf 83' lang='lat' dir='ltr'><strong>versus</strong></span> <span class='ocrx_word' id='word_1_35' title='bbox 440 857 538 922; x_wconf 86' lang='lat' dir='ltr'><strong>super</strong></span> <span class='ocrx_word' id='word_1_36' title='bbox 552 839 594 904; x_wconf 85' lang='lat' dir='ltr'><strong>sit</strong></span> <span class='ocrx_word' id='word_1_37' title='bbox 609 853 737 926; x_wconf 75' lang='lat' dir='ltr'><strong>operto,</strong></span> <span class='ocrx_word' id='word_1_38' title='bbox 753 837 893 904; x_wconf 84' lang='lat' dir='ltr'><strong>debeant</strong></span> <span class='ocrx_word' id='word_1_39' title='bbox 915 841 1022 900; x_wconf 86' lang='lat' dir='ltr'><strong>autem</strong></span> <span class='ocrx_word' id='word_1_40' title='bbox 1041 837 1077 900; x_wconf 81' lang='lat' dir='ltr'><strong>ia</strong></span> <span class='ocrx_word' id='word_1_41' title='bbox 1098 848 1241 920; x_wconf 83' lang='lat' dir='ltr'><strong>apertum</strong></span> <span class='ocrx_word' id='word_1_42' title='bbox 1253 847 1408 920; x_wconf 65' lang='lat' dir='ltr'><strong>pecccare</strong></span> 
     </span>
     <span class='ocr_line' id='line_1_6' title="bbox 312 937 1409 1024; baseline -0.004 -20"><span class='ocrx_word' id='word_1_43' title='bbox 312 959 396 1022; x_wconf 88' lang='lat' dir='ltr'><strong>quae</strong></span> <span class='ocrx_word' id='word_1_44' title='bbox 412 939 561 1006; x_wconf 80' lang='lat' dir='ltr'><strong>efflatum</strong></span> <span class='ocrx_word' id='word_1_45' title='bbox 575 948 668 1006; x_wconf 89' lang='lat' dir='ltr'><strong>sunt.</strong></span> <span class='ocrx_word' id='word_1_46' title='bbox 685 959 763 1024; x_wconf 81' lang='lat' dir='ltr'><strong>crgo</strong></span> <span class='ocrx_word' id='word_1_47' title='bbox 779 946 811 1006; x_wconf 86' lang='lat' dir='ltr'><strong>et</strong></span> <span class='ocrx_word' id='word_1_48' title='bbox 825 939 939 1004; x_wconf 91' lang='lat' dir='ltr'><strong>litteris</strong></span> <span class='ocrx_word' id='word_1_49' title='bbox 960 945 992 1004; x_wconf 88' lang='lat' dir='ltr'><strong>et</strong></span> <span class='ocrx_word' id='word_1_50' title='bbox 1006 937 1186 1003; x_wconf 86' lang='lat' dir='ltr'><strong>sententiae</strong></span> <span class='ocrx_word' id='word_1_51' title='bbox 1201 955 1330 1021; x_wconf 85' lang='lat' dir='ltr'><strong>prorsus</strong></span> <span class='ocrx_word' id='word_1_52' title='bbox 1345 954 1409 1000; x_wconf 91' lang='lat' dir='ltr'><strong>con·</strong></span> 
     </span>
    </p>
   </div>
   <div class='ocr_carea' id='block_1_4' title="bbox 311 1042 1532 1129">
    <p class='ocr_par' dir='ltr' id='par_1_4' title="bbox 311 1042 1532 1129">
     <span class='ocr_line' id='line_1_7' title="bbox 311 1042 1532 1129; baseline -0.007 -21"><span class='ocrx_word' id='word_1_53' title='bbox 311 1042 458 1108; x_wconf 76' lang='lat' dir='ltr'><strong>venitur</strong></span> <span class='ocrx_word' id='word_1_54' title='bbox 474 1057 644 1129; x_wconf 79' lang='lat' dir='ltr'><strong>penetrare</strong></span> <span class='ocrx_word' id='word_1_55' title='bbox 665 1063 778 1106; x_wconf 79' lang='lat' dir='ltr'><strong>uanus</strong></span> <span class='ocrx_word' id='word_1_56' title='bbox 799 1042 926 1128; x_wconf 77' lang='lat' dir='ltr'><strong>penitas</strong></span> <span class='ocrx_word' id='word_1_57' title='bbox 948 1060 1143 1104; x_wconf 79' lang='lat' dir='ltr'><strong>nuncocru</strong></span> <span class='ocrx_word' id='word_1_58' title='bbox 1167 1061 1203 1102; x_wconf 83' lang='lat' dir='ltr'><strong>un</strong></span> <span class='ocrx_word' id='word_1_59' title='bbox 1225 1059 1409 1116; x_wconf 74' lang='lat' dir='ltr'><strong>secururs,</strong></span> <span class='ocrx_word' id='word_1_60' title='bbox 1531 1081 1532 1088; x_wconf 28' lang='grc' dir='ltr'>ι</span> 
     </span>
    </p>
   </div>
   <div class='ocr_carea' id='block_1_5' title="bbox 306 1142 1414 3178">
    <p class='ocr_par' dir='ltr' id='par_1_5' title="bbox 311 1142 1183 1240">
     <span class='ocr_line' id='line_1_8' title="bbox 311 1142 1183 1240; baseline -0.003 -31"><span class='ocrx_word' id='word_1_61' title='bbox 311 1164 372 1210; x_wconf 90' lang='lat' dir='ltr'><strong>nec</strong></span> <span class='ocrx_word' id='word_1_62' title='bbox 395 1151 501 1230; x_wconf 88' lang='lat' dir='ltr'><strong>potest</strong></span> <span class='ocrx_word' id='word_1_63' title='bbox 521 1145 666 1240; x_wconf 87' lang='lat' dir='ltr'><strong>profecto</strong></span> <span class='ocrx_word' id='word_1_64' title='bbox 688 1144 855 1210; x_wconf 89' lang='lat' dir='ltr'><strong>Lucretius</strong></span> <span class='ocrx_word' id='word_1_65' title='bbox 877 1143 973 1208; x_wconf 89' lang='lat' dir='ltr'><strong>aliter</strong></span> <span class='ocrx_word' id='word_1_66' title='bbox 995 1142 1183 1226; x_wconf 76' lang='lat' dir='ltr'><strong>scripsisse.</strong></span> 
     </span>
    </p>

    <p class='ocr_par' dir='ltr' id='par_1_6' title="bbox 311 1244 1414 1530">
     <span class='ocr_line' id='line_1_9' title="bbox 398 1244 1414 1332; baseline -0.004 -20"><span class='ocrx_word' id='word_1_67' title='bbox 398 1249 470 1314; x_wconf 93' lang='grc'><strong>701.</strong></span> <span class='ocrx_word' id='word_1_68' title='bbox 494 1247 534 1312; x_wconf 82' lang='lat' dir='ltr'><strong>In</strong></span> <span class='ocrx_word' id='word_1_69' title='bbox 550 1269 674 1312; x_wconf 81' lang='lat' dir='ltr'><strong>sunno</strong></span> <span class='ocrx_word' id='word_1_70' title='bbox 698 1269 789 1312; x_wconf 82' lang='lat' dir='ltr'><strong>sunu</strong></span> <span class='ocrx_word' id='word_1_71' title='bbox 806 1267 1008 1310; x_wconf 83' lang='lat' dir='ltr'><strong>vnnrrcunr</strong></span> <span class='ocrx_word' id='word_1_72' title='bbox 1029 1265 1239 1311; x_wconf 78' lang='lat' dir='ltr'><strong>cnurunss.</strong></span> <span class='ocrx_word' id='word_1_73' title='bbox 1265 1244 1414 1332; x_wconf 79' lang='lat' dir='ltr'><strong>Vcrtr&#39;pcar&#39;</strong></span> 
     </span>
     <span class='ocr_line' id='line_1_10' title="bbox 311 1347 1412 1435; baseline -0.005 -21"><span class='ocrx_word' id='word_1_74' title='bbox 311 1349 507 1435; x_wconf 85' lang='lat' dir='ltr'><strong>quadratus.</strong></span> <span class='ocrx_word' id='word_1_75' title='bbox 524 1351 679 1417; x_wconf 80' lang='lat' dir='ltr'><strong>Marullus</strong></span> <span class='ocrx_word' id='word_1_76' title='bbox 700 1352 814 1417; x_wconf 67' lang='lat' dir='ltr'><strong>vetes</strong></span> <span class='ocrx_word' id='word_1_77' title='bbox 835 1351 930 1414; x_wconf 77' lang='lat' dir='ltr'><strong>item:</strong></span> <span class='ocrx_word' id='word_1_78' title='bbox 945 1347 1004 1414; x_wconf 89' lang='lat' dir='ltr'><strong>sod</strong></span> <span class='ocrx_word' id='word_1_79' title='bbox 1018 1348 1188 1414; x_wconf 77' lang='lat' dir='ltr'><strong>Turnebus</strong></span> <span class='ocrx_word' id='word_1_80' title='bbox 1210 1349 1245 1412; x_wconf 91' lang='lat' dir='ltr'><strong>in</strong></span> <span class='ocrx_word' id='word_1_81' title='bbox 1268 1348 1412 1414; x_wconf 83' lang='lat' dir='ltr'><strong>adversa·</strong></span> 
     </span>
     <span class='ocr_line' id='line_1_11' title="bbox 311 1452 953 1530; baseline 0 -14"><span class='ocrx_word' id='word_1_82' title='bbox 311 1452 368 1518; x_wconf 91' lang='lat' dir='ltr'><strong>riis</strong></span> <span class='ocrx_word' id='word_1_83' title='bbox 390 1473 466 1530; x_wconf 79' lang='lat' dir='ltr'><strong>uun,</strong></span> <span class='ocrx_word' id='word_1_84' title='bbox 481 1454 520 1518; x_wconf 90' lang='lat'><strong>19</strong></span> <span class='ocrx_word' id='word_1_85' title='bbox 542 1453 659 1519; x_wconf 88' lang='lat' dir='ltr'><strong>rectius</strong></span> <span class='ocrx_word' id='word_1_86' title='bbox 680 1455 794 1519; x_wconf 81' lang='lat' dir='ltr'><strong>vertice</strong></span> <span class='ocrx_word' id='word_1_87' title='bbox 815 1473 924 1517; x_wconf 83' lang='lat' dir='ltr'><strong>nuru.</strong></span> <span class='ocrx_word' id='word_1_88' title='bbox 946 1509 953 1523; x_wconf 88' lang='grc'><em>,</em></span> 
     </span>
    </p>

    <p class='ocr_par' dir='ltr' id='par_1_7' title="bbox 397 1551 1325 1622">
     <span class='ocr_line' id='line_1_12' title="bbox 397 1551 1325 1622; baseline 0 -2"><span class='ocrx_word' id='word_1_89' title='bbox 397 1555 479 1622; x_wconf 81' lang='grc'><strong>705.1</strong></span> <span class='ocrx_word' id='word_1_90' title='bbox 492 1576 654 1619; x_wconf 79' lang='lat' dir='ltr'><strong>rucnsur</strong></span> <span class='ocrx_word' id='word_1_91' title='bbox 669 1604 676 1620; x_wconf 91' lang='lat'>.</span> <span class='ocrx_word' id='word_1_92' title='bbox 693 1555 765 1622; x_wconf 86' lang='lat' dir='ltr'><strong>Itali</strong></span> <span class='ocrx_word' id='word_1_93' title='bbox 790 1561 822 1621; x_wconf 89' lang='lat' dir='ltr'><strong>et</strong></span> <span class='ocrx_word' id='word_1_94' title='bbox 845 1553 1021 1620; x_wconf 75' lang='lat' dir='ltr'><strong>liriniensis</strong></span> <span class='ocrx_word' id='word_1_95' title='bbox 1045 1551 1144 1620; x_wconf 89' lang='lat' dir='ltr'><strong>editio</strong></span> <span class='ocrx_word' id='word_1_96' title='bbox 1167 1574 1325 1620; x_wconf 70' lang='lat' dir='ltr'><strong>recurre.</strong></span> 
     </span>
    </p>

    <p class='ocr_par' dir='ltr' id='par_1_8' title="bbox 396 1657 1049 1728">
     <span class='ocr_line' id='line_1_13' title="bbox 396 1657 1049 1728; baseline -0.003 -6"><span class='ocrx_word' id='word_1_97' title='bbox 396 1657 469 1724; x_wconf 89' lang='grc'><strong>708.</strong></span> <span class='ocrx_word' id='word_1_98' title='bbox 493 1659 578 1722; x_wconf 83' lang='lat' dir='ltr'><strong>Nsu</strong></span> <span class='ocrx_word' id='word_1_99' title='bbox 601 1679 675 1728; x_wconf 84' lang='lat' dir='ltr'><strong>cun</strong></span> <span class='ocrx_word' id='word_1_100' title='bbox 697 1678 792 1722; x_wconf 80' lang='lat' dir='ltr'><strong>suu.</strong></span> <span class='ocrx_word' id='word_1_101' title='bbox 810 1657 884 1722; x_wconf 83' lang='lat' dir='ltr'><strong>Itali</strong></span> <span class='ocrx_word' id='word_1_102' title='bbox 907 1675 1049 1727; x_wconf 74' lang='lat' dir='ltr'><strong>nudus.</strong></span> 
     </span>
    </p>

    <p class='ocr_par' dir='ltr' id='par_1_9' title="bbox 309 1759 1413 2255">
     <span class='ocr_line' id='line_1_14' title="bbox 397 1759 1411 1830; baseline -0.006 -6"><span class='ocrx_word' id='word_1_103' title='bbox 397 1760 468 1826; x_wconf 92' lang='grc'><strong>710.</strong></span> <span class='ocrx_word' id='word_1_104' title='bbox 492 1759 626 1824; x_wconf 85' lang='lat' dir='ltr'><strong>Unnuu</strong></span> <span class='ocrx_word' id='word_1_105' title='bbox 653 1781 799 1824; x_wconf 85' lang='lat' dir='ltr'><strong>nunusn</strong></span> <span class='ocrx_word' id='word_1_106' title='bbox 828 1779 984 1830; x_wconf 81' lang='lat' dir='ltr'><strong>scrourn</strong></span> <span class='ocrx_word' id='word_1_107' title='bbox 1018 1779 1106 1822; x_wconf 77' lang='lat' dir='ltr'><strong>assu</strong></span> <span class='ocrx_word' id='word_1_108' title='bbox 1138 1779 1185 1822; x_wconf 81' lang='lat' dir='ltr'><strong>nx</strong></span> <span class='ocrx_word' id='word_1_109' title='bbox 1217 1779 1294 1824; x_wconf 87' lang='lat' dir='ltr'><strong>noc</strong></span> <span class='ocrx_word' id='word_1_110' title='bbox 1321 1777 1411 1830; x_wconf 78' lang='lat' dir='ltr'><strong>unco</strong></span> 
     </span>
     <span class='ocr_line' id='line_1_15' title="bbox 310 1860 1413 1946; baseline -0.002 -20"><span class='ocrx_word' id='word_1_111' title='bbox 310 1881 556 1944; x_wconf 22' lang='lat' dir='ltr'><strong>colnrrorrun.</strong></span> <span class='ocrx_word' id='word_1_112' title='bbox 573 1862 694 1927; x_wconf 89' lang='lat' dir='ltr'><strong>Horum</strong></span> <span class='ocrx_word' id='word_1_113' title='bbox 720 1863 834 1928; x_wconf 84' lang='lat' dir='ltr'><strong>ultima</strong></span> <span class='ocrx_word' id='word_1_114' title='bbox 860 1863 969 1928; x_wconf 82' lang='lat' dir='ltr'><strong>littera</strong></span> <span class='ocrx_word' id='word_1_115' title='bbox 988 1862 1166 1946; x_wconf 81' lang='lat' dir='ltr'><strong>quadratus</strong></span> <span class='ocrx_word' id='word_1_116' title='bbox 1188 1868 1299 1945; x_wconf 80' lang='lat' dir='ltr'><strong>caret,</strong></span> <span class='ocrx_word' id='word_1_117' title='bbox 1315 1860 1349 1924; x_wconf 91' lang='lat' dir='ltr'><strong>in</strong></span> <span class='ocrx_word' id='word_1_118' title='bbox 1369 1879 1413 1924; x_wconf 75' lang='lat' dir='ltr'><strong>ce</strong></span> 
     </span>
     <span class='ocr_line' id='line_1_16' title="bbox 309 1963 1412 2048; baseline -0.004 -20"><span class='ocrx_word' id='word_1_119' title='bbox 309 1964 386 2030; x_wconf 87' lang='lat' dir='ltr'><strong>teris</strong></span> <span class='ocrx_word' id='word_1_120' title='bbox 401 1983 472 2030; x_wconf 89' lang='lat' dir='ltr'><strong>curn</strong></span> <span class='ocrx_word' id='word_1_121' title='bbox 487 1963 628 2048; x_wconf 84' lang='lat' dir='ltr'><strong>oblongo</strong></span> <span class='ocrx_word' id='word_1_122' title='bbox 641 1965 819 2032; x_wconf 73' lang='lat' dir='ltr'><strong>consentit.</strong></span> <span class='ocrx_word' id='word_1_123' title='bbox 836 1965 991 2031; x_wconf 81' lang='lat' dir='ltr'><strong>Marullus</strong></span> <span class='ocrx_word' id='word_1_124' title='bbox 1004 1964 1156 2029; x_wconf 83' lang='lat' dir='ltr'><strong>Vunuu.</strong></span> <span class='ocrx_word' id='word_1_125' title='bbox 1172 1963 1335 2030; x_wconf 79' lang='lat' dir='ltr'><strong>drantius</strong></span> <span class='ocrx_word' id='word_1_126' title='bbox 1348 1979 1412 2026; x_wconf 89' lang='lat' dir='ltr'><strong>cum</strong></span> 
     </span>
     <span class='ocr_line' id='line_1_17' title="bbox 310 2065 1413 2158; baseline -0.005 -25"><span class='ocrx_word' id='word_1_127' title='bbox 310 2067 451 2132; x_wconf 85' lang='lat' dir='ltr'><strong>Antonio</strong></span> <span class='ocrx_word' id='word_1_128' title='bbox 475 2065 569 2131; x_wconf 88' lang='lat' dir='ltr'><strong>Marii</strong></span> <span class='ocrx_word' id='word_1_129' title='bbox 596 2089 752 2158; x_wconf 23' lang='lat' dir='ltr'><strong>sur-pum</strong></span> <span class='ocrx_word' id='word_1_130' title='bbox 781 2087 951 2132; x_wconf 75' lang='lat' dir='ltr'><strong>cunnus.</strong></span> <span class='ocrx_word' id='word_1_131' title='bbox 975 2067 1108 2134; x_wconf 89' lang='lat' dir='ltr'><strong>Isaacus</strong></span> <span class='ocrx_word' id='word_1_132' title='bbox 1136 2065 1274 2132; x_wconf 89' lang='lat' dir='ltr'><strong>Vossius</strong></span> <span class='ocrx_word' id='word_1_133' title='bbox 1303 2065 1413 2149; x_wconf 86' lang='lat' dir='ltr'><strong>optimc</strong></span> 
     </span>
     <span class='ocr_line' id='line_1_18' title="bbox 310 2168 674 2255; baseline 0 -21"><span class='ocrx_word' id='word_1_134' title='bbox 310 2168 396 2255; x_wconf 83' lang='lat' dir='ltr'><strong>qaod</strong></span> <span class='ocrx_word' id='word_1_135' title='bbox 416 2189 596 2234; x_wconf 83' lang='lat' dir='ltr'><strong>cour1c1r</strong></span> <span class='ocrx_word' id='word_1_136' title='bbox 618 2191 674 2234; x_wconf 84' lang='lat' dir='ltr'><strong>nr.</strong></span> 
     </span>
    </p>

    <p class='ocr_par' dir='ltr' id='par_1_10' title="bbox 307 2268 1414 2969">
     <span class='ocr_line' id='line_1_19' title="bbox 395 2268 1413 2352; baseline -0.004 -16"><span class='ocrx_word' id='word_1_137' title='bbox 395 2271 466 2337; x_wconf 92' lang='grc'><strong>716.</strong></span> <span class='ocrx_word' id='word_1_138' title='bbox 490 2291 644 2342; x_wconf 84' lang='lat' dir='ltr'><strong>curnrns</strong></span> <span class='ocrx_word' id='word_1_139' title='bbox 666 2295 728 2336; x_wconf 82' lang='lat' dir='ltr'><strong>ran</strong></span> <span class='ocrx_word' id='word_1_140' title='bbox 743 2294 834 2337; x_wconf 86' lang='lat' dir='ltr'><strong>nssn</strong></span> <span class='ocrx_word' id='word_1_141' title='bbox 848 2294 1067 2338; x_wconf 77' lang='lat' dir='ltr'><strong>susurrus.</strong></span> <span class='ocrx_word' id='word_1_142' title='bbox 1084 2272 1149 2352; x_wconf 75' lang='lat' dir='ltr'><strong>Qut</strong></span> <span class='ocrx_word' id='word_1_143' title='bbox 1167 2291 1330 2336; x_wconf 82' lang='lat' dir='ltr'><strong>nnusrnn</strong></span> <span class='ocrx_word' id='word_1_144' title='bbox 1345 2268 1413 2336; x_wconf 86' lang='lat' dir='ltr'><strong>Itali</strong></span> 
     </span>
     <span class='ocr_line' id='line_1_20' title="bbox 311 2371 1412 2461; baseline -0.005 -21"><span class='ocrx_word' id='word_1_145' title='bbox 311 2381 343 2440; x_wconf 92' lang='lat' dir='ltr'><strong>et</strong></span> <span class='ocrx_word' id='word_1_146' title='bbox 357 2379 517 2441; x_wconf 89' lang='lat' dir='ltr'><strong>corrector</strong></span> <span class='ocrx_word' id='word_1_147' title='bbox 536 2375 707 2461; x_wconf 86' lang='lat' dir='ltr'><strong>quadrati.</strong></span> <span class='ocrx_word' id='word_1_148' title='bbox 725 2375 870 2442; x_wconf 89' lang='lat' dir='ltr'><strong>Isidorus</strong></span> <span class='ocrx_word' id='word_1_149' title='bbox 886 2375 1047 2458; x_wconf 78' lang='lat' dir='ltr'><strong>originum</strong></span> <span class='ocrx_word' id='word_1_150' title='bbox 1062 2396 1131 2459; x_wconf 80' lang='lat' dir='ltr'><strong>xm,</strong></span> <span class='ocrx_word' id='word_1_151' title='bbox 1152 2373 1190 2438; x_wconf 90' lang='lat'><strong>11</strong></span> <span class='ocrx_word' id='word_1_152' title='bbox 1208 2391 1249 2438; x_wconf 83' lang='lat' dir='ltr'><strong>ex</strong></span> <span class='ocrx_word' id='word_1_153' title='bbox 1270 2371 1412 2440; x_wconf 88' lang='lat' dir='ltr'><strong>Lucretio</strong></span> 
     </span>
     <span class='ocr_line' id='line_1_21' title="bbox 309 2475 1413 2564; baseline -0.004 -22"><span class='ocrx_word' id='word_1_154' title='bbox 309 2479 436 2543; x_wconf 81' lang='lat' dir='ltr'><strong>Etesiae</strong></span> <span class='ocrx_word' id='word_1_155' title='bbox 464 2492 567 2544; x_wconf 68' lang='lat' dir='ltr'><strong>caten</strong></span> <span class='ocrx_word' id='word_1_156' title='bbox 578 2479 689 2564; x_wconf 82' lang='lat' dir='ltr'><strong>flabra</strong></span> <span class='ocrx_word' id='word_1_157' title='bbox 717 2492 790 2543; x_wconf 80' lang='lat' dir='ltr'><strong>suat</strong></span> <span class='ocrx_word' id='word_1_158' title='bbox 811 2479 971 2564; x_wconf 67' lang='lat' dir='ltr'><strong>aquilones</strong></span> <span class='ocrx_word' id='word_1_159' title='bbox 982 2527 991 2561; x_wconf 91' lang='lat'><strong><em>,</em></strong></span> <span class='ocrx_word' id='word_1_160' title='bbox 1008 2479 1122 2564; x_wconf 69' lang='lat' dir='ltr'><strong>quadus</strong></span> <span class='ocrx_word' id='word_1_161' title='bbox 1148 2499 1262 2542; x_wconf 80' lang='lat' dir='ltr'><strong>noman</strong></span> <span class='ocrx_word' id='word_1_162' title='bbox 1284 2475 1413 2542; x_wconf 62' lang='lat' dir='ltr'><strong>audiam</strong></span> 
     </span>
     <span class='ocr_line' id='line_1_22' title="bbox 309 2575 1414 2667; baseline -0.005 -23"><span class='ocrx_word' id='word_1_163' title='bbox 309 2593 353 2644; x_wconf 79' lang='lat' dir='ltr'><strong>eat</strong></span> <span class='ocrx_word' id='word_1_164' title='bbox 376 2580 462 2665; x_wconf 83' lang='lat' dir='ltr'><strong>qaod</strong></span> <span class='ocrx_word' id='word_1_165' title='bbox 481 2594 563 2646; x_wconf 85' lang='lat' dir='ltr'><strong>certo</strong></span> <span class='ocrx_word' id='word_1_166' title='bbox 577 2583 806 2667; x_wconf 72' lang='lat' dir='ltr'><strong>omnitempore</strong></span> <span class='ocrx_word' id='word_1_167' title='bbox 818 2581 920 2667; x_wconf 71' lang='lat' dir='ltr'><strong>flatum</strong></span> <span class='ocrx_word' id='word_1_168' title='bbox 939 2603 1033 2665; x_wconf 78' lang='lat' dir='ltr'><strong>apere</strong></span> <span class='ocrx_word' id='word_1_169' title='bbox 1047 2580 1223 2665; x_wconf 57' lang='lat' dir='ltr'><strong>inclinium.</strong></span> <span class='ocrx_word' id='word_1_170' title='bbox 1240 2598 1284 2646; x_wconf 85' lang='lat' dir='ltr'><strong>ex</strong></span> <span class='ocrx_word' id='word_1_171' title='bbox 1298 2577 1347 2644; x_wconf 89' lang='lat' dir='ltr'><strong>his</strong></span> <span class='ocrx_word' id='word_1_172' title='bbox 1363 2575 1414 2642; x_wconf 86' lang='lat' dir='ltr'><strong>Isi·</strong></span> 
     </span>
     <span class='ocr_line' id='line_1_23' title="bbox 308 2677 1414 2768; baseline -0.004 -22"><span class='ocrx_word' id='word_1_173' title='bbox 308 2681 399 2765; x_wconf 86' lang='lat' dir='ltr'><strong>dori,</strong></span> <span class='ocrx_word' id='word_1_174' title='bbox 416 2701 481 2747; x_wconf 92' lang='lat' dir='ltr'><strong>non</strong></span> <span class='ocrx_word' id='word_1_175' title='bbox 502 2700 543 2746; x_wconf 85' lang='lat' dir='ltr'><strong>ex</strong></span> <span class='ocrx_word' id='word_1_176' title='bbox 565 2681 636 2768; x_wconf 87' lang='lat' dir='ltr'><strong>ipso</strong></span> <span class='ocrx_word' id='word_1_177' title='bbox 653 2683 824 2767; x_wconf 87' lang='lat' dir='ltr'><strong>Lucretio,</strong></span> <span class='ocrx_word' id='word_1_178' title='bbox 841 2683 874 2748; x_wconf 92' lang='lat' dir='ltr'><strong>in</strong></span> <span class='ocrx_word' id='word_1_179' title='bbox 888 2681 993 2749; x_wconf 77' lang='lat' dir='ltr'><strong>Taciti</strong></span> <span class='ocrx_word' id='word_1_180' title='bbox 1012 2681 1216 2747; x_wconf 79' lang='lat' dir='ltr'><strong>historiarum</strong></span> <span class='ocrx_word' id='word_1_181' title='bbox 1232 2681 1317 2746; x_wconf 90' lang='lat' dir='ltr'><strong>libro</strong></span> <span class='ocrx_word' id='word_1_182' title='bbox 1333 2701 1366 2760; x_wconf 90' lang='lat' dir='ltr'><strong>n,</strong></span> <span class='ocrx_word' id='word_1_183' title='bbox 1377 2677 1414 2743; x_wconf 84' lang='lat'><strong>98</strong></span> 
     </span>
     <span class='ocr_line' id='line_1_24' title="bbox 308 2780 1413 2869; baseline -0.004 -21"><span class='ocrx_word' id='word_1_184' title='bbox 308 2783 341 2848; x_wconf 94' lang='lat' dir='ltr'><strong>in</strong></span> <span class='ocrx_word' id='word_1_185' title='bbox 363 2783 503 2850; x_wconf 91' lang='lat' dir='ltr'><strong>medinm</strong></span> <span class='ocrx_word' id='word_1_186' title='bbox 526 2786 694 2850; x_wconf 71' lang='lat' dir='ltr'><strong>desimam</strong></span> <span class='ocrx_word' id='word_1_187' title='bbox 716 2785 908 2852; x_wconf 85' lang='lat' dir='ltr'><strong>vocabulum</strong></span> <span class='ocrx_word' id='word_1_188' title='bbox 932 2784 1025 2850; x_wconf 88' lang='lat' dir='ltr'><strong>illata</strong></span> <span class='ocrx_word' id='word_1_189' title='bbox 1046 2801 1118 2850; x_wconf 87' lang='lat' dir='ltr'><strong>esse</strong></span> <span class='ocrx_word' id='word_1_190' title='bbox 1134 2783 1242 2868; x_wconf 76' lang='lat' dir='ltr'><strong>flabra</strong></span> <span class='ocrx_word' id='word_1_191' title='bbox 1257 2780 1413 2869; x_wconf 70' lang='lat' dir='ltr'><strong>aquitonis</strong></span> 
     </span>
     <span class='ocr_line' id='line_1_25' title="bbox 307 2883 1411 2969; baseline -0.005 -19"><span class='ocrx_word' id='word_1_192' title='bbox 307 2885 449 2952; x_wconf 81' lang='lat' dir='ltr'><strong>ostendit</strong></span> <span class='ocrx_word' id='word_1_193' title='bbox 463 2888 488 2952; x_wconf 94' lang='grc' dir='ltr'><strong>Ι.</strong></span> <span class='ocrx_word' id='word_1_194' title='bbox 506 2886 540 2951; x_wconf 83' lang='lat' dir='ltr'><strong>F.</strong></span> <span class='ocrx_word' id='word_1_195' title='bbox 557 2886 740 2953; x_wconf 82' lang='lat' dir='ltr'><strong>Gronovius</strong></span> <span class='ocrx_word' id='word_1_196' title='bbox 762 2889 796 2953; x_wconf 91' lang='lat' dir='ltr'><strong>in</strong></span> <span class='ocrx_word' id='word_1_197' title='bbox 821 2886 1082 2954; x_wconf 86' lang='lat' dir='ltr'><strong>observationum</strong></span> <span class='ocrx_word' id='word_1_198' title='bbox 1104 2885 1186 2951; x_wconf 90' lang='lat' dir='ltr'><strong>libro</strong></span> <span class='ocrx_word' id='word_1_199' title='bbox 1204 2885 1290 2968; x_wconf 82' lang='lat' dir='ltr'><strong>·ur‚2</strong></span> <span class='ocrx_word' id='word_1_200' title='bbox 1311 2904 1343 2969; x_wconf 92' lang='lat' dir='ltr'><strong>p.</strong></span> <span class='ocrx_word' id='word_1_201' title='bbox 1354 2883 1411 2948; x_wconf 85' lang='grc'><strong>30.</strong></span> 
     </span>
    </p>

    <p class='ocr_par' dir='ltr' id='par_1_11' title="bbox 306 2981 1412 3178">
     <span class='ocr_line' id='line_1_26' title="bbox 393 2981 1412 3072; baseline -0.006 -18"><span class='ocrx_word' id='word_1_202' title='bbox 393 2989 465 3055; x_wconf 88' lang='grc'><strong>719.</strong></span> <span class='ocrx_word' id='word_1_203' title='bbox 488 3009 631 3052; x_wconf 75' lang='lat' dir='ltr'><strong>screno</strong></span> <span class='ocrx_word' id='word_1_204' title='bbox 659 3009 880 3055; x_wconf 81' lang='lat' dir='ltr'><strong>runuurus.</strong></span> <span class='ocrx_word' id='word_1_205' title='bbox 903 2989 977 3056; x_wconf 84' lang='lat' dir='ltr'><strong>Itali</strong></span> <span class='ocrx_word' id='word_1_206' title='bbox 1012 2994 1044 3054; x_wconf 88' lang='lat' dir='ltr'><strong>et</strong></span> <span class='ocrx_word' id='word_1_207' title='bbox 1072 2988 1221 3072; x_wconf 83' lang='lat' dir='ltr'><strong>impressi</strong></span> <span class='ocrx_word' id='word_1_208' title='bbox 1249 2981 1412 3052; x_wconf 71' lang='lat' dir='ltr'><strong>annuns.</strong></span> 
     </span>
     <span class='ocr_line' id='line_1_27' title="bbox 306 3090 1411 3178; baseline -0.002 -23"><span class='ocrx_word' id='word_1_209' title='bbox 306 3090 452 3158; x_wconf 82' lang='lat' dir='ltr'><strong>Isidorus</strong></span> <span class='ocrx_word' id='word_1_210' title='bbox 474 3093 564 3156; x_wconf 85' lang='lat' dir='ltr'><strong>Haec</strong></span> <span class='ocrx_word' id='word_1_211' title='bbox 586 3113 713 3156; x_wconf 83' lang='lat' dir='ltr'><strong>careum</strong></span> <span class='ocrx_word' id='word_1_212' title='bbox 734 3105 852 3159; x_wconf 81' lang='lat' dir='ltr'><strong>rectam</strong></span> <span class='ocrx_word' id='word_1_213' title='bbox 874 3117 896 3158; x_wconf 88' lang='lat' dir='ltr'><strong>c</strong></span> <span class='ocrx_word' id='word_1_214' title='bbox 917 3093 1010 3158; x_wconf 84' lang='lat' dir='ltr'><strong>borea</strong></span> <span class='ocrx_word' id='word_1_215' title='bbox 1032 3091 1068 3158; x_wconf 82' lang='lat' dir='ltr'><strong>t&#39;a</strong></span> <span class='ocrx_word' id='word_1_216' title='bbox 1090 3091 1271 3178; x_wconf 75' lang='lat' dir='ltr'><strong>Aeppptam</strong></span> <span class='ocrx_word' id='word_1_217' title='bbox 1279 3091 1411 3176; x_wconf 72' lang='lat' dir='ltr'><strong>seruat,</strong></span> 
     </span>
    </p>
   </div>
   <div class='ocr_carea' id='block_1_6' title="bbox 210 3195 838 3280">
    <p class='ocr_par' dir='ltr' id='par_1_12' title="bbox 210 3195 838 3280">
     <span class='ocr_line' id='line_1_28' title="bbox 210 3195 838 3280; baseline -0.003 -20"><span class='ocrx_word' id='word_1_218' title='bbox 210 3203 241 3260; x_wconf 85' lang='grc'><strong>.“</strong></span> <span class='ocrx_word' id='word_1_219' title='bbox 306 3195 422 3280; x_wconf 64' lang='lat' dir='ltr'><strong>quoue</strong></span> <span class='ocrx_word' id='word_1_220' title='bbox 444 3207 551 3259; x_wconf 82' lang='lat' dir='ltr'><strong>caster</strong></span> <span class='ocrx_word' id='word_1_221' title='bbox 573 3196 752 3258; x_wconf 81' lang='lat' dir='ltr'><strong>contrariae</strong></span> <span class='ocrx_word' id='word_1_222' title='bbox 774 3207 838 3260; x_wconf 84' lang='lat' dir='ltr'><strong>eet.</strong></span> 
     </span>
    </p>
   </div>
   <div class='ocr_carea' id='block_1_7' title="bbox 258 3295 1409 4606">
    <p class='ocr_par' dir='ltr' id='par_1_13' title="bbox 391 3295 1287 3364">
     <span class='ocr_line' id='line_1_29' title="bbox 391 3295 1287 3364; baseline 0 -4"><span class='ocrx_word' id='word_1_223' title='bbox 391 3295 463 3360; x_wconf 78' lang='lat'>723.</span> <span class='ocrx_word' id='word_1_224' title='bbox 488 3295 678 3360; x_wconf 72' lang='lat' dir='ltr'><strong>Exortus.</strong></span> <span class='ocrx_word' id='word_1_225' title='bbox 695 3295 899 3364; x_wconf 70' lang='lat' dir='ltr'><strong>(torneatores</strong></span> <span class='ocrx_word' id='word_1_226' title='bbox 921 3301 1047 3362; x_wconf 88' lang='lat' dir='ltr'><strong>veteres</strong></span> <span class='ocrx_word' id='word_1_227' title='bbox 1070 3295 1287 3360; x_wconf 80' lang='lat' dir='ltr'><strong>Exonruns.</strong></span> 
     </span>
    </p>

    <p class='ocr_par' dir='ltr' id='par_1_14' title="bbox 390 3395 951 3464">
     <span class='ocr_line' id='line_1_30' title="bbox 390 3395 951 3464; baseline 0.004 -2"><span class='ocrx_word' id='word_1_228' title='bbox 390 3398 463 3463; x_wconf 83' lang='grc'><strong>726.</strong></span> <span class='ocrx_word' id='word_1_229' title='bbox 487 3419 551 3462; x_wconf 83' lang='lat' dir='ltr'><strong>nur</strong></span> <span class='ocrx_word' id='word_1_230' title='bbox 573 3417 702 3463; x_wconf 81' lang='lat' dir='ltr'><strong>rurus.</strong></span> <span class='ocrx_word' id='word_1_231' title='bbox 718 3395 822 3464; x_wconf 91' lang='lat' dir='ltr'><strong>Iidem</strong></span> <span class='ocrx_word' id='word_1_232' title='bbox 843 3421 951 3464; x_wconf 82' lang='lat' dir='ltr'><strong>nuru.</strong></span> 
     </span>
    </p>

    <p class='ocr_par' dir='ltr' id='par_1_15' title="bbox 391 3499 1352 3566">
     <span class='ocr_line' id='line_1_31' title="bbox 391 3499 1352 3566; baseline -0.002 -1"><span class='ocrx_word' id='word_1_233' title='bbox 391 3500 464 3566; x_wconf 79' lang='grc'><strong>727.</strong></span> <span class='ocrx_word' id='word_1_234' title='bbox 487 3521 596 3564; x_wconf 78' lang='lat' dir='ltr'><strong>arcun</strong></span> <span class='ocrx_word' id='word_1_235' title='bbox 617 3522 733 3566; x_wconf 78' lang='lat' dir='ltr'><strong>ursus</strong></span> <span class='ocrx_word' id='word_1_236' title='bbox 755 3521 891 3566; x_wconf 86' lang='lat' dir='ltr'><strong>nxrrns</strong></span> <span class='ocrx_word' id='word_1_237' title='bbox 914 3522 1047 3566; x_wconf 82' lang='lat' dir='ltr'><strong>sunus.</strong></span> <span class='ocrx_word' id='word_1_238' title='bbox 1065 3499 1219 3566; x_wconf 82' lang='lat' dir='ltr'><strong>Marullus</strong></span> <span class='ocrx_word' id='word_1_239' title='bbox 1242 3521 1352 3564; x_wconf 77' lang='lat' dir='ltr'><strong>cunr.</strong></span> 
     </span>
    </p>

    <p class='ocr_par' dir='ltr' id='par_1_16' title="bbox 258 3599 1409 4490">
     <span class='ocr_line' id='line_1_32' title="bbox 390 3599 1409 3670; baseline -0.006 -2"><span class='ocrx_word' id='word_1_240' title='bbox 390 3603 462 3670; x_wconf 81' lang='grc'><strong>729.</strong></span> <span class='ocrx_word' id='word_1_241' title='bbox 485 3625 532 3668; x_wconf 82' lang='grc' dir='ltr'><strong>ιιι</strong></span> <span class='ocrx_word' id='word_1_242' title='bbox 556 3625 674 3668; x_wconf 77' lang='lat' dir='ltr'><strong>curor</strong></span> <span class='ocrx_word' id='word_1_243' title='bbox 700 3604 848 3670; x_wconf 82' lang='lat' dir='ltr'><strong>n1.ltali</strong></span> <span class='ocrx_word' id='word_1_244' title='bbox 871 3611 903 3670; x_wconf 91' lang='lat' dir='ltr'><strong>et</strong></span> <span class='ocrx_word' id='word_1_245' title='bbox 925 3603 1079 3670; x_wconf 81' lang='lat' dir='ltr'><strong>Marullus</strong></span> <span class='ocrx_word' id='word_1_246' title='bbox 1102 3604 1191 3668; x_wconf 64' lang='lat' dir='ltr'><strong>aar.</strong></span> <span class='ocrx_word' id='word_1_247' title='bbox 1207 3599 1409 3668; x_wconf 83' lang='lat' dir='ltr'><strong>correctionis</strong></span> 
     </span>
     <span class='ocr_line' id='line_1_33' title="bbox 303 3701 1408 3791; baseline -0.005 -21"><span class='ocrx_word' id='word_1_248' title='bbox 303 3723 433 3788; x_wconf 88' lang='lat' dir='ltr'><strong>causam</strong></span> <span class='ocrx_word' id='word_1_249' title='bbox 457 3727 521 3772; x_wconf 94' lang='lat' dir='ltr'><strong>non</strong></span> <span class='ocrx_word' id='word_1_250' title='bbox 544 3706 704 3791; x_wconf 90' lang='lat' dir='ltr'><strong>perspicio</strong></span> <span class='ocrx_word' id='word_1_251' title='bbox 719 3755 727 3790; x_wconf 90' lang='lat'>‚</span> <span class='ocrx_word' id='word_1_252' title='bbox 744 3713 776 3772; x_wconf 88' lang='lat' dir='ltr'><strong>et</strong></span> <span class='ocrx_word' id='word_1_253' title='bbox 797 3703 1017 3790; x_wconf 86' lang='lat' dir='ltr'><strong>quaerendum</strong></span> <span class='ocrx_word' id='word_1_254' title='bbox 1042 3711 1120 3788; x_wconf 92' lang='lat' dir='ltr'><strong>puto</strong></span> <span class='ocrx_word' id='word_1_255' title='bbox 1149 3704 1220 3787; x_wconf 91' lang='lat' dir='ltr'><strong>quis</strong></span> <span class='ocrx_word' id='word_1_256' title='bbox 1243 3713 1321 3770; x_wconf 86' lang='lat' dir='ltr'><strong>ante</strong></span> <span class='ocrx_word' id='word_1_257' title='bbox 1343 3701 1408 3768; x_wconf 88' lang='lat' dir='ltr'><strong>llir-</strong></span> 
     </span>
     <span class='ocr_line' id='line_1_34' title="bbox 295 3805 1409 3892; baseline 0 -22"><span class='ocrx_word' id='word_1_258' title='bbox 295 3808 381 3872; x_wconf 90' lang='lat' dir='ltr'><strong>·tium</strong></span> <span class='ocrx_word' id='word_1_259' title='bbox 397 3808 566 3874; x_wconf 90' lang='lat' dir='ltr'><strong>Horatium</strong></span> <span class='ocrx_word' id='word_1_260' title='bbox 578 3809 755 3891; x_wconf 87' lang='lat' dir='ltr'><strong>Vergilium</strong></span> <span class='ocrx_word' id='word_1_261' title='bbox 767 3808 949 3874; x_wconf 86' lang='lat' dir='ltr'><strong>Vitruvium</strong></span> <span class='ocrx_word' id='word_1_262' title='bbox 962 3806 1082 3872; x_wconf 84' lang='lat' dir='ltr'><strong>dixerit</strong></span> <span class='ocrx_word' id='word_1_263' title='bbox 1094 3819 1189 3892; x_wconf 80' lang='lat' dir='ltr'><strong>ceput</strong></span> <span class='ocrx_word' id='word_1_264' title='bbox 1204 3808 1310 3874; x_wconf 59' lang='lat' dir='ltr'><strong>amare</strong></span> <span class='ocrx_word' id='word_1_265' title='bbox 1319 3805 1409 3892; x_wconf 81' lang='lat' dir='ltr'><strong>,soa-</strong></span> 
     </span>
     <span class='ocr_line' id='line_1_35' title="bbox 301 3908 1407 3995; baseline -0.004 -22"><span class='ocrx_word' id='word_1_266' title='bbox 301 3912 361 3992; x_wconf 78' lang='lat' dir='ltr'><strong>rir,</strong></span> <span class='ocrx_word' id='word_1_267' title='bbox 378 3911 486 3977; x_wconf 81' lang='lat' dir='ltr'><strong>Rleai</strong></span> <span class='ocrx_word' id='word_1_268' title='bbox 493 3961 502 3994; x_wconf 91' lang='lat'><strong><em>,</em></strong></span> <span class='ocrx_word' id='word_1_269' title='bbox 518 3912 671 3994; x_wconf 82' lang='lat' dir='ltr'><strong>genetivo</strong></span> <span class='ocrx_word' id='word_1_270' title='bbox 683 3911 817 3978; x_wconf 90' lang='lat' dir='ltr'><strong>addito.</strong></span> <span class='ocrx_word' id='word_1_271' title='bbox 833 3929 932 3995; x_wconf 85' lang='lat' dir='ltr'><strong>snpra</strong></span> <span class='ocrx_word' id='word_1_272' title='bbox 946 3929 1042 3978; x_wconf 87' lang='lat' dir='ltr'><strong>versu</strong></span> <span class='ocrx_word' id='word_1_273' title='bbox 1055 3909 1118 3974; x_wconf 83' lang='grc'><strong>636</strong></span> <span class='ocrx_word' id='word_1_274' title='bbox 1135 3921 1163 3974; x_wconf 84' lang='lat' dir='ltr'><strong>et</strong></span> <span class='ocrx_word' id='word_1_275' title='bbox 1178 3908 1224 3974; x_wconf 85' lang='lat' dir='ltr'><strong>ud</strong></span> <span class='ocrx_word' id='word_1_276' title='bbox 1237 3921 1333 3994; x_wconf 73' lang='lat' dir='ltr'><strong>capae</strong></span> <span class='ocrx_word' id='word_1_277' title='bbox 1347 3931 1407 3970; x_wconf 79' lang='lat' dir='ltr'><strong>am-</strong></span> 
     </span>
     <span class='ocr_line' id='line_1_36' title="bbox 300 4009 1408 4100; baseline -0.005 -24"><span class='ocrx_word' id='word_1_278' title='bbox 300 4013 394 4080; x_wconf 83' lang='lat' dir='ltr'><strong>aibas</strong></span> <span class='ocrx_word' id='word_1_279' title='bbox 420 4015 522 4079; x_wconf 64' lang='lat' dir='ltr'><strong>ornare</strong></span> <span class='ocrx_word' id='word_1_280' title='bbox 550 4015 703 4100; x_wconf 77' lang='lat' dir='ltr'><strong>Confluat.</strong></span> <span class='ocrx_word' id='word_1_281' title='bbox 719 4013 753 4077; x_wconf 88' lang='lat' dir='ltr'><strong>iu</strong></span> <span class='ocrx_word' id='word_1_282' title='bbox 780 4013 966 4078; x_wconf 79' lang='lat' dir='ltr'><strong>Trinummo</strong></span> <span class='ocrx_word' id='word_1_283' title='bbox 995 4012 1099 4076; x_wconf 83' lang='lat' dir='ltr'><strong>Plauti</strong></span> <span class='ocrx_word' id='word_1_284' title='bbox 1129 4011 1194 4078; x_wconf 82' lang='lat'><strong>940</strong></span> <span class='ocrx_word' id='word_1_285' title='bbox 1220 4009 1408 4076; x_wconf 77' lang='lat' dir='ltr'><strong>Rilscilelius</strong></span> 
     </span>
     <span class='ocr_line' id='line_1_37' title="bbox 258 4111 1406 4200; baseline -0.007 -18"><span class='ocrx_word' id='word_1_286' title='bbox 258 4171 265 4182; x_wconf 95' lang='lat'><em>.</em></span> <span class='ocrx_word' id='word_1_287' title='bbox 301 4113 387 4180; x_wconf 85' lang='lat' dir='ltr'><strong>haud</strong></span> <span class='ocrx_word' id='word_1_288' title='bbox 408 4116 477 4180; x_wconf 91' lang='lat' dir='ltr'><strong>seio</strong></span> <span class='ocrx_word' id='word_1_289' title='bbox 500 4135 543 4180; x_wconf 91' lang='lat' dir='ltr'><strong>an</strong></span> <span class='ocrx_word' id='word_1_290' title='bbox 558 4135 623 4182; x_wconf 91' lang='lat' dir='ltr'><strong>non</strong></span> <span class='ocrx_word' id='word_1_291' title='bbox 645 4121 731 4182; x_wconf 89' lang='lat' dir='ltr'><strong>recte</strong></span> <span class='ocrx_word' id='word_1_292' title='bbox 747 4135 817 4182; x_wconf 91' lang='lat' dir='ltr'><strong>cum</strong></span> <span class='ocrx_word' id='word_1_293' title='bbox 834 4115 962 4200; x_wconf 86' lang='lat' dir='ltr'><strong>Guycto</strong></span> <span class='ocrx_word' id='word_1_294' title='bbox 985 4113 1152 4198; x_wconf 87' lang='lat' dir='ltr'><strong>scripserit</strong></span> <span class='ocrx_word' id='word_1_295' title='bbox 1165 4111 1222 4177; x_wconf 81' lang='lat' dir='ltr'><strong>Ad</strong></span> <span class='ocrx_word' id='word_1_296' title='bbox 1236 4126 1333 4198; x_wconf 81' lang='lat' dir='ltr'><strong>caput</strong></span> <span class='ocrx_word' id='word_1_297' title='bbox 1346 4131 1406 4174; x_wconf 80' lang='lat' dir='ltr'><strong>aar·</strong></span> 
     </span>
     <span class='ocr_line' id='line_1_38' title="bbox 299 4214 1407 4303; baseline -0.006 -21"><span class='ocrx_word' id='word_1_298' title='bbox 299 4219 370 4294; x_wconf 82' lang='lat' dir='ltr'><strong>nis,</strong></span> <span class='ocrx_word' id='word_1_299' title='bbox 387 4219 446 4303; x_wconf 83' lang='lat' dir='ltr'><strong>qui</strong></span> <span class='ocrx_word' id='word_1_300' title='bbox 458 4217 497 4284; x_wconf 82' lang='lat' dir='ltr'><strong>de</strong></span> <span class='ocrx_word' id='word_1_301' title='bbox 511 4219 616 4300; x_wconf 84' lang='lat' dir='ltr'><strong>caeto,</strong></span> <span class='ocrx_word' id='word_1_302' title='bbox 633 4235 704 4283; x_wconf 90' lang='lat' dir='ltr'><strong>cum</strong></span> <span class='ocrx_word' id='word_1_303' title='bbox 719 4223 831 4284; x_wconf 83' lang='lat' dir='ltr'><strong>vetera</strong></span> <span class='ocrx_word' id='word_1_304' title='bbox 847 4217 1044 4302; x_wconf 85' lang='lat' dir='ltr'><strong>exemplaria</strong></span> <span class='ocrx_word' id='word_1_305' title='bbox 1058 4215 1144 4302; x_wconf 81' lang='lat' dir='ltr'><strong>quod</strong></span> <span class='ocrx_word' id='word_1_306' title='bbox 1158 4214 1319 4299; x_wconf 77' lang='lat' dir='ltr'><strong>habeant3</strong></span> <span class='ocrx_word' id='word_1_307' title='bbox 1335 4231 1407 4296; x_wconf 80' lang='lat' dir='ltr'><strong>qno</strong></span> 
     </span>
     <span class='ocr_line' id='line_1_39' title="bbox 299 4313 1407 4404; baseline -0.005 -20"><span class='ocrx_word' id='word_1_308' title='bbox 299 4320 385 4385; x_wconf 87' lang='lat' dir='ltr'><strong>circa</strong></span> <span class='ocrx_word' id='word_1_309' title='bbox 407 4320 576 4386; x_wconf 88' lang='lat' dir='ltr'><strong>videbatur</strong></span> <span class='ocrx_word' id='word_1_310' title='bbox 596 4319 673 4386; x_wconf 89' lang='lat' dir='ltr'><strong>mihi</strong></span> <span class='ocrx_word' id='word_1_311' title='bbox 693 4325 791 4404; x_wconf 70' lang='lat' dir='ltr'><strong>poeta</strong></span> <span class='ocrx_word' id='word_1_312' title='bbox 813 4318 942 4396; x_wconf 83' lang='lat' dir='ltr'><strong>dedisse</strong></span> <span class='ocrx_word' id='word_1_313' title='bbox 956 4319 1013 4385; x_wconf 81' lang='lat' dir='ltr'><strong>Ad</strong></span> <span class='ocrx_word' id='word_1_314' title='bbox 1032 4332 1146 4404; x_wconf 82' lang='lat' dir='ltr'><strong>capot,</strong></span> <span class='ocrx_word' id='word_1_315' title='bbox 1162 4319 1266 4382; x_wconf 64' lang='lat' dir='ltr'><strong>enred</strong></span> <span class='ocrx_word' id='word_1_316' title='bbox 1287 4313 1374 4404; x_wconf 73' lang='lat' dir='ltr'><strong>qaod</strong></span> <span class='ocrx_word' id='word_1_317' title='bbox 1392 4337 1407 4378; x_wconf 84' lang='lat' dir='ltr'><strong>c</strong></span> 
     </span>
     <span class='ocr_line' id='line_1_40' title="bbox 299 4422 857 4490; baseline 0.002 -5"><span class='ocrx_word' id='word_1_318' title='bbox 299 4423 384 4487; x_wconf 83' lang='lat' dir='ltr'><strong>caelo</strong></span> <span class='ocrx_word' id='word_1_319' title='bbox 407 4424 550 4490; x_wconf 80' lang='lat' dir='ltr'><strong>exoritur</strong></span> <span class='ocrx_word' id='word_1_320' title='bbox 571 4422 628 4487; x_wconf 80' lang='lat' dir='ltr'><strong>sab</strong></span> <span class='ocrx_word' id='word_1_321' title='bbox 651 4423 729 4488; x_wconf 74' lang='lat' dir='ltr'><strong>cotto</strong></span> <span class='ocrx_word' id='word_1_322' title='bbox 751 4423 857 4488; x_wconf 67' lang='lat' dir='ltr'><strong>Iocus.</strong></span> 
     </span>
    </p>

    <p class='ocr_par' dir='ltr' id='par_1_17' title="bbox 385 4522 1406 4606">
     <span class='ocr_line' id='line_1_41' title="bbox 385 4522 1406 4606; baseline -0.004 -18"><span class='ocrx_word' id='word_1_323' title='bbox 385 4525 456 4590; x_wconf 84' lang='grc'><strong>730.</strong></span> <span class='ocrx_word' id='word_1_324' title='bbox 481 4545 554 4596; x_wconf 80' lang='lat' dir='ltr'><strong>Quo</strong></span> <span class='ocrx_word' id='word_1_325' title='bbox 577 4546 729 4588; x_wconf 78' lang='lat' dir='ltr'><strong>sursus.</strong></span> <span class='ocrx_word' id='word_1_326' title='bbox 746 4525 815 4590; x_wconf 88' lang='lat' dir='ltr'><strong>Hoc</strong></span> <span class='ocrx_word' id='word_1_327' title='bbox 845 4524 921 4590; x_wconf 89' lang='lat' dir='ltr'><strong>t&#39;erri</strong></span> <span class='ocrx_word' id='word_1_328' title='bbox 950 4543 1013 4590; x_wconf 89' lang='lat' dir='ltr'><strong>non</strong></span> <span class='ocrx_word' id='word_1_329' title='bbox 1041 4522 1155 4606; x_wconf 86' lang='lat' dir='ltr'><strong>debet,</strong></span> <span class='ocrx_word' id='word_1_330' title='bbox 1173 4523 1250 4605; x_wconf 88' lang='lat' dir='ltr'><strong>quia</strong></span> <span class='ocrx_word' id='word_1_331' title='bbox 1273 4535 1340 4586; x_wconf 76' lang='lat' dir='ltr'><strong>tum</strong></span> <span class='ocrx_word' id='word_1_332' title='bbox 1360 4537 1406 4584; x_wconf 86' lang='lat' dir='ltr'><strong>sc-</strong></span> 
     </span>
    </p>
   </div>
   <div class='ocr_carea' id='block_1_8' title="bbox 0 0 1560 5146">
    <p class='ocr_par' dir='ltr' id='par_1_18' title="bbox 0 0 1560 5146">
     <span class='ocr_line' id='line_1_42' title="bbox 0 0 1560 5146; baseline 0 2"><span class='ocrx_word' id='word_1_333' title='bbox 0 0 1560 5146; x_wconf 95' lang='lat' dir='ltr'><strong> </strong></span> 
     </span>
    </p>
   </div>
  </div>
 </body>
</html>
