2996 5148
627 392 642 456 1
1148 383 1190 451 25

0 627 1 632 ,
101 565 185 630 salire
193 614 202 647 ‚
221 575 405 651 permanet,
421 575 455 628 ct
469 561 507 628 id
521 574 602 627 recta
614 562 729 649 facere
743 559 868 647 possit,
891 557 936 622 ad
956 559 1101 622 trr'mum.
1118 577 1189 624 cum

100 687 211 734 versum
225 665 281 750 qui
297 665 355 732 hos
371 665 536 750 sequitur,
561 662 626 730 Sed
639 662 795 750 quaedem
809 660 1002 742 arsuram,
1027 679 1097 726 cum
1113 661 1190 727 Ver-

98 769 204 853 giliano
220 768 384 853 componit
400 766 581 834 Macrobius
596 766 629 830 in
644 763 900 832 saturnaliorum
915 783 969 846 vr,
995 763 1032 829 1:
1048 783 1114 828 non
1136 763 1190 829 ha·

98 871 162 938 bcnt
175 891 246 938 sum
262 870 439 955 quadratus
462 876 494 936 et
508 866 666 936 schedae.
691 887 710 933 e
731 867 884 951 proximis
900 867 1046 934 Donatus
1068 865 1112 931 ad
1128 867 1190 932 An-

4 980 7 989 '
97 974 185 1040 drism
205 996 237 1059 r,
262 973 304 1056 2,
326 973 348 1037 4
369 997 491 1059 seraper
502 972 651 1058 florentis
672 970 824 1036 Homeri.

4 1062 10 1139 Ῐ
169 1075 237 1145 125.
262 1096 446 1140 nscnrrrss
467 1093 687 1138 curuunsss
710 1093 847 1136 ssusss
872 1072 1099 1138 Gonrrssnr.
1116 1074 1189 1140 Coe·

5 1170 9 1181 '
94 1182 167 1266 pr'src
190 1201 236 1244 ur
260 1185 420 1246 corrector
446 1177 596 1263 quadrati
623 1181 655 1242 et
683 1175 842 1240 Antonius
871 1175 987 1240 Marii.
1003 1189 1031 1242 οι
1046 1175 1191 1262 firndcrc
1293 1215 1295 1218 -

95 1282 279 1367 quadratus3
302 1280 388 1366 quod
404 1281 489 1346 male
508 1278 659 1364 probavit
674 1278 868 1344 Lambinus.
885 1279 1044 1344 lacrumas
1066 1297 1144 1344 vcro
1160 1285 1192 1344 ct

95 1385 250 1469 effundero
274 1384 347 1450 libri
370 1383 471 1449 nostri
494 1401 558 1447 non
583 1379 749 1446 exhibent:
766 1379 879 1446 horum
901 1385 1008 1447 autem
1030 1381 1190 1448 scribendi

94 1487 238 1554 rationem
262 1484 398 1552 reddero
420 1486 500 1552 satis
516 1483 640 1566 habeo,
664 1483 727 1548 nisi
750 1482 836 1566 quod
859 1507 897 1549 ce
919 1490 951 1549 at
973 1485 1102 1569 epaulo
1124 1504 1190 1551 rec·

94 1589 148 1656 tius
161 1591 268 1656 scribo
283 1595 413 1674 praeter
428 1608 525 1673 quarn
548 1588 582 1652 in
597 1586 701 1651 minus
717 1586 831 1668 certis,
855 1586 942 1651 velut
964 1611 1095 1653 erumna
1116 1601 1191 1654 ceter

92 1707 170 1779 septa
182 1717 287 1759 meror
300 1705 416 1758 mestus
428 1704 536 1778 presto
549 1689 642 1776 plebs
656 1712 751 1754 οοοηο
762 1689 1042 1775 penuriafeculc,
1059 1709 1142 1774 quae
1157 1691 1191 1755 in

93 1814 240 1862 sumansu
267 1794 525 1860 membranarum
555 1811 620 1857 non
647 1789 804 1876 repudio,
834 1791 981 1875 quamvis
1009 1793 1191 1858 Lucretium

92 1915 124 1962 ea
137 1897 245 1963 omnia
266 1917 324 1982 per
339 1895 562 1980 diphthongon
577 1895 748 1979 protulisse
764 1894 912 1960 credam.
930 1893 1058 1960 omniuo
1081 1901 1187 1960 autem

91 2000 267 2084 bassatio,
292 2006 324 2066 et
337 2018 435 2084 possa
450 2004 483 2064 et
497 1997 616 2064 debere
634 2015 694 2062 nos
717 1996 750 2060 in
771 1996 934 2082 plerisque
955 1997 1002 2062 uti
1025 1997 1190 2080 orthogra-

91 2103 159 2186 phia
179 2103 303 2170 sacculi
320 2102 440 2186 quarti,
463 2121 570 2187 nequo
591 2100 685 2166 nohis
700 2099 879 2166 recentiora
893 2099 1062 2167 admittere
1077 2101 1189 2167 licere:

89 2205 140 2270 sed
165 2225 324 2271 summam
347 2205 561 2270 constantiam
587 2201 778 2269 indicendo
802 2193 1014 2270 scribendovc
1035 2223 1191 2288 quaerere

89 2309 179 2373 animi
208 2307 379 2373 illiberalis
402 2311 470 2372 est.
486 2327 537 2373 me
559 2306 688 2390 quidem
711 2305 940 2388 Hertcbcrgius
962 2306 1091 2374 studere
1113 2305 1192 2373 dicit

89 2417 119 2476 ut
130 2411 204 2477 libri
220 2411 285 2476 mei
304 2409 470 2476 saeculum
485 2409 613 2476 tertium
629 2407 787 2474 decimum
803 2407 923 2474 referre
942 2408 1133 2493 videantur,
1156 2410 1191 2474 in

90 2513 250 2597 Philologo
278 2511 514 2578 Schneidewini
542 2533 567 2575 11
593 2533 624 2596 p.
640 2511 726 2577 589:
747 2509 806 2576 sed
836 2511 869 2574 in
896 2516 965 2576 tota
990 2511 1047 2578 illa
1068 2512 1191 2597 pagina

89 2634 304 2699 quaecumque
330 2615 459 2699 scripsit
485 2635 549 2680 non
573 2613 689 2698 capio,
719 2613 807 2678 velut
827 2632 898 2678 cum
921 2613 1049 2680 tabulas
1073 2614 1190 2680 Auiani

90 2719 212 2784 saeculo
237 2718 349 2801 quinto
372 2719 469 2782 cua'us
491 2714 632 2782 adscribi
656 2714 733 2782 dicit
754 2734 850 2800 quam
873 2717 1035 2784 secundo.

168 2823 241 2890 130.
265 2842 359 2885 nuuc
388 2841 460 2884 suu
482 2840 637 2883 rsrurs.
657 2821 743 2884 Tunc
766 2824 842 2884 ants
864 2827 1094 2886 consonantem
1117 2839 1190 2887 con·

89 2929 132 2987 tra
150 2930 321 3008 poetarum
337 2923 554 3006 antiquiorum
569 2941 662 2988 usum
684 2927 817 3005 uterque
833 2920 934 2988 codcx
956 2929 1084 3008 prsetcr
1106 2923 1191 2990 huuc

90 3023 186 3092 locum
199 3026 249 3092 bis
259 3075 267 3107 ,
279 3027 312 3091 in
325 3047 378 3111 111,
395 3026 459 3092 710
471 3039 543 3090 ωηο
550 3027 649 3112 pcra'c't
659 3077 668 3107 ,
684 3025 718 3089 in
731 3046 784 3110 vr,
801 3024 864 3094 250
875 3037 948 3090 ωηο
956 3050 1015 3112 per
1026 3051 1037 3110 ,·
1052 3025 1190 3110 quadra-

89 3135 131 3191 tus
145 3129 234 3194 solus
252 3129 340 3193 Tunc
349 3151 448 3215 porro
463 3149 494 3213 1,
510 3128 573 3193 426
589 3134 621 3193 et
637 3129 723 3194 Turro
737 3127 874 3214 vicilare
887 3148 921 3189 1v
934 3179 941 3214 ,
963 3129 1047 3198 455.
1064 3131 1097 3194 in
1113 3130 1190 3196 Gor-

89 3231 196 3296 msuici
208 3231 426 3316 prognosticis
441 3233 457 3295 1
470 3281 478 3315 ,
495 3231 517 3295 4
530 3237 616 3296 recte
627 3230 699 3295 libri
711 3230 861 3294 Fulmina
873 3243 937 3295 tum
948 3233 1055 3298 crebro
1069 3233 1190 3298 ioculo·

89 3345 135 3395 tur
149 3334 313 3420 Iuppr'ter‚
337 3347 365 3399 st
380 3347 452 3398 ωηο
467 3333 596 3399 Intonat
611 3335 733 3399 emt'asc's
747 3333 912 3398 violentior
926 3335 1053 3419 r'pnr'bus
1068 3337 1172 3402 aether
1179 3363 1191 3421 ,·

91 3453 219 3516 quorum
235 3442 319 3502 certe
334 3437 425 3521 prius
447 3437 578 3521 impune
600 3435 716 3501 mutari
738 3453 803 3499 non
825 3441 951 3520 potest,
975 3437 1060 3520 quod
1083 3445 1191 3505 tamen

90 3534 161 3602 iecit
176 3535 337 3604 Oraiiius.
352 3539 410 3606 sed
426 3539 458 3604 in
481 3537 541 3604 hoc
563 3557 659 3605 versu
675 3538 834 3603 Antonius
849 3535 942 3603 Marii
957 3539 1112 3606 maiorem
1134 3541 1191 3605 lin-

93 3656 172 3719 guae
187 3639 322 3704 Latinae
343 3641 494 3726 peritiam
515 3639 660 3707 exhibuit
681 3659 778 3724 quam
801 3639 1024 3708 Wakefieldus
1047 3643 1190 3711 Eichsta-

91 3737 159 3805 dius
173 3739 349 3824 Forbiger:
373 3744 502 3829 scripsit
524 3745 609 3809 anim
631 3743 686 3808 ille
708 3742 783 3808 ideo
800 3763 892 3827 run,
916 3745 992 3827 quia
1013 3747 1191 3830 praecessit

89 3865 173 3908 cum.
189 3845 302 3927 nequis
324 3851 432 3911 tamen
454 3846 541 3912 nullo
564 3852 708 3931 ternpore
731 3844 790 3911 has
812 3846 987 3931 particulas
1010 3867 1095 3932 quse
1117 3858 1192 3917 suut

89 3966 153 4008 cum
168 3951 199 4010 et
211 3959 283 4011 tuac
298 3947 331 4012 in
352 3949 569 4014 enumerando
586 3948 772 4013 coniunctas
787 3967 859 4013 esse
874 3954 983 4032 putet,
1006 3969 1071 4015 non
1094 3953 1190 4019 modo

6 4073 8 4124 ρ
89 4045 204 4112 hbrarii
218 4049 252 4114 in
264 4049 413 4116 Caesaris
430 4049 567 4116 debello
581 4051 707 4117 Gallico
719 4071 772 4134 vr,
788 4050 847 4134 32,
862 4050 883 4116 5
899 4051 1095 4136 scripserunt
1109 4056 1191 4122 buco

6 4147 7 4152 ’
88 4171 154 4214 eum
168 4153 299 4239 reliquis
314 4153 407 4218 rebus
422 4153 523 4218 locum
535 4154 708 4240 probarat,
731 4166 804 4217 ωηο
819 4152 907 4238 quod
921 4157 1096 4240 eupercbrsis
1112 4161 1195 4224 anci

90 4255 266 4321 mansium
277 4255 420 4342 rhcprae
430 4257 610 4338 manebant,
624 4262 655 4321 et
668 4255 805 4321 inNonii
817 4255 933 4342 p.435,
950 4257 987 4320 17
1001 4257 1189 4328 cOiceronis

50 4377 54 4386 ·
89 4349 287 4440 deusdedus,
306 4355 367 4421 123
377 4357 510 4423 lusoria
520 4381 592 4424 vero
604 4383 674 4424 cum
684 4359 773 4423 cruci
779 4360 879 4423 aetati
886 4361 989 4445 turpis
1001 4373 1073 4426 ωηο
1088 4387 1189 4428 seocc-

90 4456 334 4536 tutr'foedrisr'mc
346 4473 409 4542 eat,
426 4459 484 4525 sed
496 4461 593 4524 etism
605 4460 638 4524 in
652 4459 816 4525 luvenalis
830 4479 927 4525 versu
942 4461 1062 4526 satirae
1078 4484 1110 4525 rx
1130 4465 1189 4530 118

91 4557 240 4624 verissimi
255 4570 402 4628 auctores
418 4561 620 4628 tradiderunt
641 4561 739 4646 haec,
770 4562 942 4630 Vivendum
957 4577 1037 4632 reete
1058 4579 1101 4628 est
1117 4589 1185 4630 cum
