3052 5144
632 441 648 506 1

90 621 118 676 et
136 615 270 695 graviter
291 613 397 697 magni
421 632 540 696 magno
564 610 706 676 cecidere
730 613 772 675 ibi
794 633 893 676 casn:

89 728 211 810 primum
234 728 320 810 quod
342 735 446 793 motus
468 731 617 810 exempto
641 727 736 792 rebus
759 727 849 790 inani

86 841 286 926 constituunt,
310 851 342 908 et
362 862 413 907 res
436 841 543 906 mollis
565 861 720 922 rarasque
743 842 945 926 relinqucnt,

86 963 173 1038 aera,
196 957 315 1032 solem,
340 957 467 1039 ignem,
492 963 630 1031 terram,
654 955 829 1031 animalia,
853 955 982 1038 fruges,

26 1090 64 1135 roo
86 1089 138 1134 nec
157 1077 261 1136 tamen
284 1070 461 1136 admiscent
483 1070 515 1134 in
538 1089 647 1134 eornm
671 1090 786 1153 corpus
807 1071 924 1152 inane3

86 1182 191 1249 deinde
213 1187 300 1266 qnod
323 1185 453 1250 omnino
476 1185 569 1250 tinem
592 1203 657 1248 non
680 1203 751 1248 esse
775 1185 925 1250 secandis

85 1299 259 1382 corporibus
281 1299 425 1374 iaciunt,
448 1319 552 1382 neque
575 1321 712 1385 pausam
735 1308 822 1366 stare
845 1299 987 1381 fragori,

85 1431 138 1476 nec
156 1433 301 1497 prorsum
323 1415 355 1478 in
380 1415 476 1480 rebus
497 1415 661 1480 minimum
684 1416 859 1485 consistere
884 1415 1075 1496 quicquam3

84 1546 147 1589 cnm
168 1527 334 1596 videamus
358 1528 391 1594 id
414 1537 592 1594 extremum
615 1529 768 1612 cuiusque
791 1547 944 1594 cacumen

22 1659 62 1705 roo
84 1642 252 1724 essequod
274 1643 318 1708 ad
342 1663 455 1710 sensus
478 1651 604 1710 nostros
626 1645 790 1709 minimum
813 1663 885 1708 csse
907 1643 1066 1726 videtur„

83 1757 215 1822 conicere
237 1765 272 1822 nt
294 1759 400 1844 possis
423 1780 463 1824 ex
485 1759 565 1842 hoc,
589 1779 673 1841 quae
697 1777 827 1823 cernere
850 1778 914 1824 non
937 1758 1009 1839 quis

83 1879 243 1936 extremum
264 1873 352 1956 quod
376 1873 515 1956 habent,
538 1874 702 1938 minimum
725 1873 902 1938 consistere
924 1893 1089 1957 prorsum.

83 1983 138 2049 hnc
158 1987 281 2052 accedit
305 1989 390 2063 etei,
414 1989 566 2069 qnoniam
589 1987 767 2072 primordia
787 2007 891 2052 rerum

83 2100 181 2165 mollia
202 2103 419 2186 constituunt,
443 2122 528 2186 quae
551 2123 610 2168 nos
633 2103 744 2166 nativa
766 2102 911 2167 videmus

26 2232 65 2277 rm
85 2233 145 2281 esse
165 2225 196 2281 ct
217 2218 348 2282 mortali
372 2237 620 2302 contempero,
644 2215 786 2281 funditus
810 2237 911 2298 usque
1001 2195 1004 2204 ⁵

85 2327 186 2397 debeat
208 2331 251 2396 ad
275 2331 375 2396 nilum
400 2332 464 2396 iam
486 2351 591 2397 rernm
614 2351 740 2396 summa
762 2331 876 2398 reverti

81 2443 116 2509 de
135 2447 260 2529 niloque
285 2453 403 2512 renata
424 2447 587 2531 vigescere
610 2447 705 2530 copia
728 2467 853 2530 rerum;

80 2579 199 2641 quorum
224 2571 395 2644 utrumque
417 2563 494 2644 quid
517 2582 538 2626 a
560 2581 637 2628 voro
659 2564 724 2626 iam
748 2561 844 2628 distet
866 2561 1019 2628 habebis.

80 2673 186 2743 deinde
208 2678 343 2744 inimica
364 2677 469 2744 modis
490 2677 599 2742 multis
622 2683 696 2742 sunt
718 2684 815 2759 atque
837 2695 960 2742 veneno

19 2805 58 2852 oco
79 2788 143 2874 ipsa
164 2792 222 2857 sibi
246 2793 332 2858 inter
355 2811 411 2874 sc;
435 2811 535 2874 qnare
559 2799 615 2857 aut
637 2811 812 2875 congresse
834 2791 1004 2876 peribunt,

79 2913 130 2968 ant
150 2907 194 2972 ita
216 2907 386 2992 diffingient
408 2915 442 2972 ut
463 2913 654 2992 tempestate
674 2914 789 2972 coacta

77 3017 207 3087 fulmina
225 3022 384 3105 diffugere
407 3029 503 3105 atquc
525 3023 636 3087 imbris
657 3028 836 3104 ventosque
858 3021 1022 3086 videmus.

115 3137 259 3221 Denique
283 3145 432 3221 quattuor
455 3159 494 3204 ex
517 3139 613 3203 rebus
637 3136 663 3201 si
688 3143 802 3202 cuncta
824 3141 973 3201 creantur

78 3257 167 3333 atque
188 3254 220 3318 in
244 3273 304 3318 eas
326 3275 450 3320 rursum
474 3273 525 3318 res
548 3252 658 3318 omnia
680 3251 921 3328 dissoluuntur,

17 3381 55 3429 :oc
77 3368 125 3446 qui
148 3369 251 3454 magis
275 3369 333 3434 iila
356 3375 475 3450 queant
497 3387 610 3432 rerum
625 3367 802 3452 primordia
828 3365 892 3430 dici

76 3487 165 3562 quain
187 3491 302 3549 contra
324 3503 376 3550 res
397 3483 526 3548 illorum
549 3489 699 3564 retroque
722 3481 855 3565 putari?

75 3595 200 3664 alternis
222 3599 398 3683 gignuntur
420 3600 504 3666 enim
527 3605 714 3679 mutantque
737 3596 877 3662 colorem

75 3717 222 3778 ettotam
244 3714 328 3778 inter
350 3733 385 3780 se
409 3721 556 3780 naturam
579 3719 723 3796 ternpore
746 3712 788 3775 ab
812 3711 918 3775 omni.

16 3839 54 3888 tro
76 3825 119 3888 cin
142 3828 187 3893 ita
209 3827 293 3894 sorte
316 3835 410 3914 putas
432 3829 516 3912 ignis
538 3835 706 3909 terraeque
728 3825 815 3891 coire

76 3958 186 4026 corpus
209 3949 242 4010 et
266 3945 372 4010 aerias
394 3963 492 4009 auras
515 3959 682 4025 roremque
709 3941 863 4023 liquoris,

78 4121 273 4136 ‘’Q——

78 4243 120 4290 741
141 4261 235 4296 muca.
258 4244 272 4314 ΙΙ
293 4249 343 4294 744
362 4245 459 4308 frugis.
480 4243 494 4312 ΙΙ
516 4247 563 4294 747
586 4243 714 4310 facienti!
736 4246 785 4294 748
805 4243 865 4305 qui.
886 4237 901 4309 Η
922 4241 970 4290 752
990 4252 1106 4302 prorsum
1122 4239 1199 4288 omek-

76 4345 143 4380 mm.
164 4329 178 4400 ΙΙ
199 4333 251 4382 753
271 4331 366 4382 accidit
382 4333 443 4382 item
464 4329 477 4402 Η
504 4335 553 4382 755
574 4331 663 4394 utqui.
685 4329 697 4400 ss
724 4333 773 4381 758
792 4329 888 4380 habes.
908 4329 920 4394 11
948 4329 996 4378 759
1016 4339 1093 4376 vene.
1115 4323 1127 4392 ΙΙ
1150 4328 1198 4374 767

77 4417 173 4468 corne
193 4417 206 4488 Η
230 4421 376 4470 rce=rea
