3110 5146
680 369 724 432 vl
1194 373 1255 436 357

148 541 248 606 nitum
276 538 356 603 darc
386 535 521 621 dicitnr,
539 557 602 601 non
634 539 742 603 anima
764 539 874 604 vesica
898 539 1039 604 inclusa.
1056 559 1133 623 ergo
1157 543 1256 606 mani-

148 643 262 708 festum
279 646 328 708 est
343 639 524 705 Lucretium
540 640 709 725 scripsisse
725 640 765 708 de
781 641 867 708 nube
882 642 937 707 dat
952 664 1057 706 rrsss
1064 643 1255 730 fraporem.

147 746 308 828 pertinent
333 743 394 807 buc
422 743 479 808 illa
500 744 630 828 Epicuri
659 743 745 826 apud
770 744 948 827 Diogenem
975 747 1099 829 x,100‚
1137 745 1256 830 ροσσᾶς

146 847 316 930 ἐνδέχεται
338 839 494 931 γίνεσθαι
517 883 581 924 -,
604 843 661 912 καὶ
682 844 767 912 κατὰ
783 842 893 934 ῥήξεις
916 845 1084 936 danaprin
1105 848 1161 916 καὶ
1176 851 1256 917 δια-

148 945 304 1028 στάσεις,
321 968 384 1014 non
401 967 440 1013 ea
456 968 539 1032 quac
556 949 731 1015 Lambinus
747 951 872 1036 attulit,
889 949 946 1017 καὶ
966 951 1051 1018 κατὰ
1068 947 1255 1035 πνεύματος

147 1053 181 1120 ἐν
202 1055 274 1132 τοῖς
296 1043 485 1134 κοιλώμασι
511 1051 578 1116 τῶν
600 1053 709 1139 νεφῶν
737 1045 906 1140 ἀνείλησιν
916 1103 926 1134 ,
942 1049 1102 1143 καθάπερ
1129 1054 1163 1122 ἐν
1184 1060 1255 1136 τοῖς

145 1151 325 1246 ἡμετέροις
344 1147 510 1240 ἀγγείοις,
526 1153 561 1219 id
576 1161 625 1220 cst
633 1179 694 1240 per
715 1151 838 1220 centum
861 1157 895 1220 ιἰο
917 1159 1046 1224 uubt'um
1068 1161 1255 1226 caritatibus

145 1275 258 1326 tortum
268 1309 277 1342 ‚
295 1258 407 1345 qualia
428 1270 501 1322 cnut
523 1260 556 1322 iu
578 1258 750 1322 vs'scors'buc
771 1259 889 1323 nostris
910 1261 1085 1328 tormina.-

232 1361 303 1428 130.
326 1360 405 1424 Nnc
437 1381 585 1444 uranu,
613 1381 686 1424 cun
718 1381 836 1423 ranna
869 1380 1009 1424 annuus
1046 1383 1252 1430 vensicuns

144 1485 264 1529 cnara
287 1464 409 1529 Sarra
437 1485 499 1526 rra
526 1484 597 1527 nur
622 1483 773 1527 nsnvun
800 1482 963 1527 scurruu
985 1485 1167 1530 nrsrnosa
1190 1489 1252 1532 aa·

144 1588 279 1631 cnunc.
307 1565 467 1631 Vescicnlc
493 1566 527 1630 in
554 1563 712 1648 quadrato
741 1564 860 1630 lactum
887 1565 1020 1649 antiqua
1047 1588 1164 1655 manu,
1188 1591 1252 1636 non

143 1691 164 1735 a
185 1669 291 1736 solitis
314 1667 566 1733 correctoribus.
582 1669 739 1733 σοοσιόοσι
761 1667 856 1734 scribi
879 1666 966 1733 iubet
982 1656 1086 1754 (lapcr
1107 1693 1138 1756 p.
1151 1673 1250 1759 2246,

150 1773 280 1839 Vecsa'ca
302 1795 323 1834 a
346 1771 476 1853 babent,
492 1771 640 1856 quoniam
666 1793 728 1835 ιιοσ
752 1783 795 1836 est
824 1770 892 1834 sinc
913 1773 1084 1838 bectorita
1105 1773 1186 1839 haec
1208 1775 1251 1841 ad

142 1893 292 1941 numeros
315 1891 392 1939 snos
419 1871 603 1938 revocanda
629 1878 722 1955 sunt,
739 1890 873 1955 quorum
904 1874 1064 1956 permulta
1086 1881 1197 1942 exiam
1218 1878 1251 1942 in

142 1977 236 2062 Capri
260 1975 439 2061 praeceptis
463 1975 620 2058 vestigia.
637 1973 675 2040 de
697 1975 823 2040 canica
838 1975 1019 2042 Puteaneus
1037 1977 1192 2044 Martialis
1216 1979 1250 2043 in

140 2101 204 2164 xiv,
216 2079 258 2145 62
272 2127 280 2142 .
297 2077 461 2160 Isidorus,
478 2075 563 2162 qnod
576 2077 695 2142 ntirari
706 2078 779 2162 quis
800 2101 862 2142 ιιοιι
878 2075 1006 2162 debeat,
1022 2103 1091 2144 eum
1110 2081 1251 2147 vesicula

139 2182 284 2268 quamuis
310 2205 415 2267 parca
448 2202 597 2265 mappam
629 2190 732 2244 temon
763 2181 898 2244 sontium
931 2179 1074 2267 displosa
1109 2184 1249 2248 omittat.

139 2285 238 2349 multo
260 2283 379 2349 rectius
393 2281 446 2346 bic
461 2303 611 2368 mapsam
633 2281 771 2364 emittat,
787 2299 884 2364 quam
907 2269 963 2348 a'ut
979 2283 1132 2348 Marullus
1148 2284 1249 2371 Saepe

138 2388 183 2453 r'to
206 2385 262 2450 dat
277 2388 405 2472 parator
427 2390 482 2450 aut
504 2381 725 2448 Wakefieldus
748 2383 849 2470 Saepe
876 2385 922 2449 ita
944 2383 999 2450 dut
1024 2409 1173 2472 acapnum
1195 2387 1249 2453 vel

135 2515 194 2576 per
215 2490 299 2555 vim.
316 2507 380 2554 non
404 2492 511 2572 potest
532 2483 672 2550 dubitari
694 2484 771 2568 quin
794 2490 892 2570 poeta
915 2485 1041 2553 dederit
1055 2488 1156 2576 Saepe
1177 2511 1248 2554 nur

93 2577 97 2586 ¹
138 2612 237 2657 naun
256 2615 393 2678 parcum
416 2589 572 2655 abactam.

226 2694 287 2759 132
309 2699 341 2759 sl
365 2691 436 2758 136.
459 2710 664 2755 rsnnrsnr.
681 2687 849 2757 Ocu-ector
875 2692 1005 2776 oblongi
1035 2715 1246 2762 rennuens.

137 2805 278 2865 colorum
301 2794 481 2861 Brixiensis
502 2780 602 2860 editio
617 2793 660 2857 Et
683 2795 802 2859 sonitus
814 2794 969 2879 ‘factuam
983 2795 1160 2862 Lambinus
1184 2798 1249 2864 Gur

127 2903 280 2987 facebat,
296 2903 383 2964 recte
405 2897 478 2962 libri
492 2895 627 2980 «antiqui
651 2903 682 2960 et
698 2897 892 2962 Veronensis
915 2896 1013 2962 editio
1029 2899 1088 2964 Est
1110 2900 1192 2963 ratio
1214 2913 1249 2964 ut

136 3005 257 3068 σοιιίιιιο
270 3001 422 3086 faciant.
439 2999 525 3064 inira
550 3016 646 3063 versu
674 2999 738 3064 639
765 3000 848 3064 ratio
875 3023 956 3084 quac
983 3001 1042 3083 sit,
1057 3024 1116 3084 per
1127 3000 1248 3087 ferreos

137 3107 250 3172 spontis
272 3116 306 3169 ut
328 3103 450 3168 Actaeo
472 3101 631 3187 Eaeps'rent
653 3101 762 3186 ipncs.

226 3206 296 3272 138.
318 3225 570 3269 rnarrncsus.
588 3202 777 3290 Pcrfra'pcns
799 3202 994 3287 quadratus.
1012 3211 1170 3272 corrector
1192 3205 1247 3270 ob-

33 3324 38 3330 ·
135 3308 226 3392 longi
249 3327 526 3372 rncnnrneans.

225 3411 294 3476 141.
319 3409 494 3475 Annusrn
532 3431 728 3492 vonpans.
761 3408 927 3477 Oorrector
964 3410 1097 3495 oblongi
1135 3433 1247 3476 nven-

136 3533 249 3578 rnns.
374 3587 377 3592 ¹
510 3587 514 3594 ,

223 3615 293 3682 144.
318 3637 387 3680 cuu
402 3636 614 3680 annuemus
634 3635 746 3682 assr.
763 3615 931 3682 corrector
947 3614 1078 3700 oblongi
1096 3623 1129 3684 el
1143 3637 1247 3684 exem·
1316 3635 1317 3638 ’

135 3719 242 3804 plaria
272 3719 429 3804 impressa
456 3731 564 3801 cestu,
580 3717 742 3784 absurde.
764 3737 876 3784 rerum
903 3724 952 3785 est
982 3741 1143 3806 sescus,
1159 3720 1247 3806 quod

135 3822 263 3906 scripsit
287 3821 443 3887 Antonius
466 3820 582 3886 Marii.
932 3899 935 3904 Ι

223 3923 293 3990 145.
317 3924 383 3988 Frr
410 3943 663 4007 buconn,unr
688 3944 708 3985 n
735 3943 821 3988 uum
848 3945 883 3987 rn
913 3946 1037 3990 nuncu
1064 3947 1122 3990 vrs
1150 3948 1246 3991 rnor-

134 4047 196 4090 nrr
229 4025 374 4090 annuns
406 4027 617 4110 Prouisis,
642 4045 739 4089 nnnc
769 4063 805 4074 -
835 4027 956 4092 Ionan
989 4051 1180 4094 courrnuo
1206 4067 1243 4079 -

134 4149 341 4195 rsucronc.
365 4129 518 4196 Ooctrbuo
546 4143 581 4194 οι
613 4127 808 4212 Lambinus,
831 4149 901 4195 oum
932 4130 1088 4199 Marullus
1118 4131 1247 4200 fecisset

135 4231 288 4298 trucidet.
306 4231 482 4298 curandum
503 4230 607 4297 lenius
628 4249 694 4296 una
716 4231 823 4296 littera
837 4231 1021 4320 subtracta,
1038 4237 1079 4301 In
1103 4258 1244 4320 qaoque.

135 4334 169 4400 id
184 4341 234 4402 est
248 4337 326 4422 quin
341 4337 434 4401 ctiam
448 4383 455 4399 .
471 4333 554 4399 libro
572 4355 592 4414 ι,
604 4332 668 4400 655
683 4332 727 4426 ld
742 4358 882 4421 quoqne,
899 4337 1066 4422 sifacs'ont
1082 4373 1120 4382 »-
1135 4386 1143 4418 ,
1160 4338 1244 4401 Doa-

135 4438 357 4524 reciperarunt
371 4439 480 4525 rjqncs.
497 4434 632 4503 Ovidius
645 4436 677 4500 in
688 4435 825 4501 tristium
841 4459 870 4521 v,
884 4438 913 4522 3,
926 4438 968 4503 53
984 4439 1026 4504 ad
1042 4443 1155 4523 poetas
1171 4457 1244 4503 con·

134 4539 367 4606 tubernclecld
376 4563 513 4626 quoquc,
525 4540 558 4604 si
566 4552 700 4605 oestrum
714 4540 818 4605 merui
825 4539 1113 4625 condorcfavorcm
1121 4577 1177 4623 -‚
1190 4541 1244 4606 Sic
