<?xml version="1.0" encoding="UTF-8"?>
<!DOCTYPE html PUBLIC "-//W3C//DTD XHTML 1.0 Transitional//EN"
    "http://www.w3.org/TR/xhtml1/DTD/xhtml1-transitional.dtd">
<html xmlns="http://www.w3.org/1999/xhtml" xml:lang="en" lang="en">
 <head>
  <title>
</title>
<meta http-equiv="Content-Type" content="text/html;charset=utf-8" />
  <meta name='ocr-system' content='tesseract 3.04.00' />
  <meta name='ocr-capabilities' content='ocr_page ocr_carea ocr_par ocr_line ocrx_word'/>
</head>
<body>
  <div class='ocr_page' id='page_1' title='image "./tlucreticarider24carugoog_0077.png"; bbox 0 0 3052 5144; ppageno 0'>
   <div class='ocr_carea' id='block_1_1' title="bbox 358 455 936 520">
    <p class='ocr_par' dir='ltr' id='par_1_1' title="bbox 358 455 936 520">
     <span class='ocr_line' id='line_1_1' title="bbox 358 455 936 520; baseline -0.003 0"><span class='ocrx_word' id='word_1_1' title='bbox 358 457 398 520; x_wconf 83' lang='grc'>74</span> <span class='ocrx_word' id='word_1_2' title='bbox 903 455 936 518; x_wconf 90' lang='lat'>11</span> 
     </span>
    </p>
   </div>
   <div class='ocr_carea' id='block_1_2' title="bbox 247 622 1333 4147">
    <p class='ocr_par' dir='ltr' id='par_1_2' title="bbox 357 622 1276 820">
     <span class='ocr_line' id='line_1_2' title="bbox 357 622 1276 710; baseline 0.005 -24"><span class='ocrx_word' id='word_1_3' title='bbox 357 623 401 686; x_wconf 93' lang='lat' dir='ltr'>nil</span> <span class='ocrx_word' id='word_1_4' title='bbox 424 622 507 688; x_wconf 85' lang='lat' dir='ltr'>adeo</span> <span class='ocrx_word' id='word_1_5' title='bbox 531 644 682 704; x_wconf 81' lang='lat' dir='ltr'>magnum</span> <span class='ocrx_word' id='word_1_6' title='bbox 707 645 811 706; x_wconf 87' lang='lat' dir='ltr'>neque</span> <span class='ocrx_word' id='word_1_7' title='bbox 833 631 896 688; x_wconf 87' lang='lat' dir='ltr'>tam</span> <span class='ocrx_word' id='word_1_8' title='bbox 920 625 1064 690; x_wconf 82' lang='lat' dir='ltr'>mirabile</span> <span class='ocrx_word' id='word_1_9' title='bbox 1086 627 1276 710; x_wconf 84' lang='lat' dir='ltr'>quiequam,</span> 
     </span>
     <span class='ocr_line' id='line_1_3' title="bbox 357 737 1172 820; baseline 0.002 -18"><span class='ocrx_word' id='word_1_10' title='bbox 357 739 443 820; x_wconf 93' lang='lat' dir='ltr'>quod</span> <span class='ocrx_word' id='word_1_11' title='bbox 467 759 529 800; x_wconf 92' lang='lat' dir='ltr'>non</span> <span class='ocrx_word' id='word_1_12' title='bbox 553 737 705 820; x_wconf 80' lang='lat' dir='ltr'>paulatim</span> <span class='ocrx_word' id='word_1_13' title='bbox 729 739 854 803; x_wconf 84' lang='lat' dir='ltr'>mittant</span> <span class='ocrx_word' id='word_1_14' title='bbox 875 739 1019 804; x_wconf 84' lang='lat' dir='ltr'><strong>mirarier</strong></span> <span class='ocrx_word' id='word_1_15' title='bbox 1042 760 1172 806; x_wconf 89' lang='lat' dir='ltr'>omnes.</span> 
     </span>
    </p>

    <p class='ocr_par' dir='ltr' id='par_1_3' title="bbox 275 851 1333 1391">
     <span class='ocr_line' id='line_1_4' title="bbox 275 851 1143 938; baseline 0 -20"><span class='ocrx_word' id='word_1_16' title='bbox 275 873 341 918; x_wconf 84' lang='grc'><strong>1030</strong></span> <span class='ocrx_word' id='word_1_17' title='bbox 359 851 515 936; x_wconf 80' lang='lat' dir='ltr'>percipito</span> <span class='ocrx_word' id='word_1_18' title='bbox 538 851 618 916; x_wconf 80' lang='lat' dir='ltr'>caeli</span> <span class='ocrx_word' id='word_1_19' title='bbox 641 853 761 916; x_wconf 77' lang='lat' dir='ltr'>elerum</span> <span class='ocrx_word' id='word_1_20' title='bbox 785 873 962 936; x_wconf 89' lang='lat' dir='ltr'>purumque</span> <span class='ocrx_word' id='word_1_21' title='bbox 984 854 1143 938; x_wconf 82' lang='lat' dir='ltr'>colorem,</span> 
     </span>
     <span class='ocr_line' id='line_1_5' title="bbox 357 966 1239 1054; baseline 0.008 -26"><span class='ocrx_word' id='word_1_22' title='bbox 357 985 505 1047; x_wconf 83' lang='lat' dir='ltr'>quaeque</span> <span class='ocrx_word' id='word_1_23' title='bbox 526 966 560 1030; x_wconf 91' lang='lat' dir='ltr'>in</span> <span class='ocrx_word' id='word_1_24' title='bbox 583 987 617 1030; x_wconf 85' lang='lat' dir='ltr'>se</span> <span class='ocrx_word' id='word_1_25' title='bbox 641 967 787 1050; x_wconf 77' lang='lat' dir='ltr'>cohibet,</span> <span class='ocrx_word' id='word_1_26' title='bbox 804 967 947 1050; x_wconf 82' lang='lat' dir='ltr'>palantia</span> <span class='ocrx_word' id='word_1_27' title='bbox 968 967 1076 1050; x_wconf 76' lang='lat' dir='ltr'>sidero</span> <span class='ocrx_word' id='word_1_28' title='bbox 1097 970 1239 1054; x_wconf 79' lang='lat' dir='ltr'>passim,</span> 
     </span>
     <span class='ocr_line' id='line_1_6' title="bbox 356 1080 1146 1167; baseline 0.005 -25"><span class='ocrx_word' id='word_1_29' title='bbox 356 1081 530 1162; x_wconf 82' lang='lat' dir='ltr'>lunamque</span> <span class='ocrx_word' id='word_1_30' title='bbox 552 1087 584 1144; x_wconf 91' lang='lat' dir='ltr'>et</span> <span class='ocrx_word' id='word_1_31' title='bbox 606 1080 685 1146; x_wconf 87' lang='lat' dir='ltr'>solis</span> <span class='ocrx_word' id='word_1_32' title='bbox 708 1081 875 1164; x_wconf 77' lang='lat' dir='ltr'>praeclara</span> <span class='ocrx_word' id='word_1_33' title='bbox 897 1081 967 1144; x_wconf 88' lang='lat' dir='ltr'>luce</span> <span class='ocrx_word' id='word_1_34' title='bbox 990 1081 1146 1167; x_wconf 87' lang='lat' dir='ltr'>nitorem;</span> 
     </span>
     <span class='ocr_line' id='line_1_7' title="bbox 356 1195 1333 1282; baseline 0.005 -26"><span class='ocrx_word' id='word_1_35' title='bbox 356 1195 465 1258; x_wconf 81' lang='lat' dir='ltr'>omnia</span> <span class='ocrx_word' id='word_1_36' title='bbox 488 1213 572 1276; x_wconf 84' lang='lat' dir='ltr'>quae</span> <span class='ocrx_word' id='word_1_37' title='bbox 595 1214 679 1258; x_wconf 91' lang='lat' dir='ltr'>nuno</span> <span class='ocrx_word' id='word_1_38' title='bbox 702 1195 729 1258; x_wconf 91' lang='lat' dir='ltr'>si</span> <span class='ocrx_word' id='word_1_39' title='bbox 751 1195 886 1278; x_wconf 88' lang='lat' dir='ltr'>primum</span> <span class='ocrx_word' id='word_1_40' title='bbox 910 1197 1099 1261; x_wconf 72' lang='lat' dir='ltr'>mortalibus</span> <span class='ocrx_word' id='word_1_41' title='bbox 1121 1202 1252 1282; x_wconf 86' lang='lat' dir='ltr'>extent,</span> <span class='ocrx_word' id='word_1_42' title='bbox 1329 1229 1333 1236; x_wconf 94' lang='lat'>·</span> 
     </span>
     <span class='ocr_line' id='line_1_8' title="bbox 358 1307 1042 1391; baseline 0.003 -20"><span class='ocrx_word' id='word_1_43' title='bbox 358 1327 397 1371; x_wconf 84' lang='lat' dir='ltr'>ex</span> <span class='ocrx_word' id='word_1_44' title='bbox 420 1308 582 1391; x_wconf 89' lang='lat' dir='ltr'>inproviso</span> <span class='ocrx_word' id='word_1_45' title='bbox 607 1307 635 1370; x_wconf 88' lang='lat' dir='ltr'>si</span> <span class='ocrx_word' id='word_1_46' title='bbox 658 1308 720 1371; x_wconf 88' lang='lat' dir='ltr'>sint</span> <span class='ocrx_word' id='word_1_47' title='bbox 742 1307 868 1371; x_wconf 82' lang='lat' dir='ltr'>obieeta</span> <span class='ocrx_word' id='word_1_48' title='bbox 891 1315 1042 1391; x_wconf 85' lang='lat' dir='ltr'>repente,</span> 
     </span>
    </p>

    <p class='ocr_par' dir='ltr' id='par_1_4' title="bbox 274 1421 1326 1965">
     <span class='ocr_line' id='line_1_9' title="bbox 274 1421 1171 1508; baseline 0.002 -22"><span class='ocrx_word' id='word_1_49' title='bbox 274 1441 339 1488; x_wconf 76' lang='lat' dir='ltr'>rous</span> <span class='ocrx_word' id='word_1_50' title='bbox 359 1422 434 1504; x_wconf 90' lang='lat' dir='ltr'>qnid</span> <span class='ocrx_word' id='word_1_51' title='bbox 461 1421 561 1505; x_wconf 82' lang='lat' dir='ltr'>magis</span> <span class='ocrx_word' id='word_1_52' title='bbox 584 1421 634 1486; x_wconf 90' lang='lat' dir='ltr'>his</span> <span class='ocrx_word' id='word_1_53' title='bbox 657 1421 752 1486; x_wconf 85' lang='lat' dir='ltr'>rebus</span> <span class='ocrx_word' id='word_1_54' title='bbox 775 1427 902 1504; x_wconf 85' lang='lat' dir='ltr'>poterat</span> <span class='ocrx_word' id='word_1_55' title='bbox 925 1423 1071 1488; x_wconf 84' lang='lat' dir='ltr'>mirabile</span> <span class='ocrx_word' id='word_1_56' title='bbox 1090 1425 1171 1508; x_wconf 82' lang='lat' dir='ltr'>diei,</span> 
     </span>
     <span class='ocr_line' id='line_1_10' title="bbox 357 1535 1326 1622; baseline 0.008 -22"><span class='ocrx_word' id='word_1_57' title='bbox 357 1536 538 1600; x_wconf 88' lang='lat' dir='ltr'>autminus</span> <span class='ocrx_word' id='word_1_58' title='bbox 561 1543 635 1600; x_wconf 85' lang='lat' dir='ltr'>ante</span> <span class='ocrx_word' id='word_1_59' title='bbox 658 1535 743 1616; x_wconf 91' lang='lat' dir='ltr'>quod</span> <span class='ocrx_word' id='word_1_60' title='bbox 766 1535 920 1600; x_wconf 78' lang='lat' dir='ltr'>auderent</span> <span class='ocrx_word' id='word_1_61' title='bbox 942 1537 1010 1602; x_wconf 86' lang='lat' dir='ltr'>sore</span> <span class='ocrx_word' id='word_1_62' title='bbox 1033 1539 1163 1606; x_wconf 85' lang='lat' dir='ltr'>eredere</span> <span class='ocrx_word' id='word_1_63' title='bbox 1186 1544 1326 1622; x_wconf 76' lang='lat' dir='ltr'>gentes?</span> 
     </span>
     <span class='ocr_line' id='line_1_11' title="bbox 355 1648 1268 1734; baseline 0.003 -18"><span class='ocrx_word' id='word_1_64' title='bbox 355 1652 421 1734; x_wconf 84' lang='lat' dir='ltr'>nil,</span> <span class='ocrx_word' id='word_1_65' title='bbox 440 1657 473 1714; x_wconf 88' lang='lat' dir='ltr'>nt</span> <span class='ocrx_word' id='word_1_66' title='bbox 497 1650 629 1732; x_wconf 85' lang='lat' dir='ltr'>opinor:</span> <span class='ocrx_word' id='word_1_67' title='bbox 647 1649 692 1713; x_wconf 81' lang='lat' dir='ltr'>ita</span> <span class='ocrx_word' id='word_1_68' title='bbox 714 1648 796 1712; x_wconf 83' lang='lat' dir='ltr'>haee</span> <span class='ocrx_word' id='word_1_69' title='bbox 818 1651 943 1732; x_wconf 83' lang='lat' dir='ltr'>species</span> <span class='ocrx_word' id='word_1_70' title='bbox 964 1653 1113 1718; x_wconf 80' lang='lat' dir='ltr'>miranda</span> <span class='ocrx_word' id='word_1_71' title='bbox 1135 1655 1268 1721; x_wconf 83' lang='lat' dir='ltr'>suisset.</span> 
     </span>
     <span class='ocr_line' id='line_1_12' title="bbox 357 1763 1182 1852; baseline 0.005 -24"><span class='ocrx_word' id='word_1_72' title='bbox 357 1787 452 1847; x_wconf 84' lang='lat' dir='ltr'>quam</span> <span class='ocrx_word' id='word_1_73' title='bbox 476 1767 532 1830; x_wconf 83' lang='lat' dir='ltr'>libi</span> <span class='ocrx_word' id='word_1_74' title='bbox 554 1766 616 1828; x_wconf 83' lang='lat' dir='ltr'>iem</span> <span class='ocrx_word' id='word_1_75' title='bbox 640 1783 752 1846; x_wconf 88' lang='lat' dir='ltr'>nemo,</span> <span class='ocrx_word' id='word_1_76' title='bbox 769 1763 875 1828; x_wconf 84' lang='lat' dir='ltr'>fessus</span> <span class='ocrx_word' id='word_1_77' title='bbox 897 1767 1010 1831; x_wconf 82' lang='lat' dir='ltr'>satiate</span> <span class='ocrx_word' id='word_1_78' title='bbox 1034 1768 1182 1852; x_wconf 85' lang='lat' dir='ltr'>videndi,</span> 
     </span>
     <span class='ocr_line' id='line_1_13' title="bbox 355 1878 1142 1965; baseline 0 -21"><span class='ocrx_word' id='word_1_79' title='bbox 355 1881 516 1964; x_wconf 83' lang='lat' dir='ltr'>suspicere</span> <span class='ocrx_word' id='word_1_80' title='bbox 538 1879 571 1942; x_wconf 95' lang='lat' dir='ltr'>in</span> <span class='ocrx_word' id='word_1_81' title='bbox 594 1879 675 1942; x_wconf 85' lang='lat' dir='ltr'>ooeli</span> <span class='ocrx_word' id='word_1_82' title='bbox 700 1878 850 1959; x_wconf 79' lang='lat' dir='ltr'>dignatur</span> <span class='ocrx_word' id='word_1_83' title='bbox 872 1879 978 1944; x_wconf 85' lang='lat' dir='ltr'>lueida</span> <span class='ocrx_word' id='word_1_84' title='bbox 1001 1884 1142 1965; x_wconf 85' lang='lat' dir='ltr'>templa!</span> 
     </span>
    </p>

    <p class='ocr_par' dir='ltr' id='par_1_5' title="bbox 271 1992 1313 2534">
     <span class='ocr_line' id='line_1_14' title="bbox 271 1992 1153 2081; baseline 0 -19"><span class='ocrx_word' id='word_1_85' title='bbox 271 2016 337 2062; x_wconf 78' lang='lat' dir='ltr'>roro</span> <span class='ocrx_word' id='word_1_86' title='bbox 355 1996 465 2060; x_wconf 86' lang='lat' dir='ltr'>desine</span> <span class='ocrx_word' id='word_1_87' title='bbox 489 2015 553 2076; x_wconf 82' lang='lat' dir='ltr'>que</span> <span class='ocrx_word' id='word_1_88' title='bbox 576 1999 706 2077; x_wconf 88' lang='lat' dir='ltr'>propter</span> <span class='ocrx_word' id='word_1_89' title='bbox 729 1992 869 2057; x_wconf 85' lang='lat' dir='ltr'>novitate</span> <span class='ocrx_word' id='word_1_90' title='bbox 892 1996 1059 2061; x_wconf 84' lang='lat' dir='ltr'>exterritus</span> <span class='ocrx_word' id='word_1_91' title='bbox 1081 1998 1153 2081; x_wconf 84' lang='lat' dir='ltr'>ipso</span> 
     </span>
     <span class='ocr_line' id='line_1_15' title="bbox 354 2107 1170 2194; baseline 0.001 -19"><span class='ocrx_word' id='word_1_92' title='bbox 354 2129 494 2192; x_wconf 84' lang='lat' dir='ltr'>expuere</span> <span class='ocrx_word' id='word_1_93' title='bbox 518 2128 558 2172; x_wconf 84' lang='lat' dir='ltr'>ex</span> <span class='ocrx_word' id='word_1_94' title='bbox 581 2109 687 2172; x_wconf 83' lang='lat' dir='ltr'>animo</span> <span class='ocrx_word' id='word_1_95' title='bbox 711 2107 886 2191; x_wconf 82' lang='lat' dir='ltr'>rationem,</span> <span class='ocrx_word' id='word_1_96' title='bbox 903 2109 960 2174; x_wconf 84' lang='lat' dir='ltr'>sed</span> <span class='ocrx_word' id='word_1_97' title='bbox 982 2111 1085 2194; x_wconf 82' lang='lat' dir='ltr'>magis</span> <span class='ocrx_word' id='word_1_98' title='bbox 1105 2113 1170 2178; x_wconf 79' lang='lat' dir='ltr'>ueri</span> 
     </span>
     <span class='ocr_line' id='line_1_16' title="bbox 352 2223 1140 2309; baseline 0.003 -22"><span class='ocrx_word' id='word_1_99' title='bbox 352 2223 470 2288; x_wconf 78' lang='lat' dir='ltr'>indicio</span> <span class='ocrx_word' id='word_1_100' title='bbox 494 2223 675 2308; x_wconf 85' lang='lat' dir='ltr'>perpende,</span> <span class='ocrx_word' id='word_1_101' title='bbox 693 2229 725 2287; x_wconf 91' lang='lat' dir='ltr'>et</span> <span class='ocrx_word' id='word_1_102' title='bbox 748 2223 774 2286; x_wconf 91' lang='lat' dir='ltr'>si</span> <span class='ocrx_word' id='word_1_103' title='bbox 798 2223 854 2286; x_wconf 89' lang='lat' dir='ltr'>tibi</span> <span class='ocrx_word' id='word_1_104' title='bbox 878 2235 953 2288; x_wconf 77' lang='lat' dir='ltr'>vers</span> <span class='ocrx_word' id='word_1_105' title='bbox 975 2223 1140 2309; x_wconf 88' lang='lat' dir='ltr'>videntur,</span> 
     </span>
     <span class='ocr_line' id='line_1_17' title="bbox 354 2335 1296 2422; baseline 0.005 -20"><span class='ocrx_word' id='word_1_106' title='bbox 354 2339 435 2403; x_wconf 84' lang='lat' dir='ltr'>dede</span> <span class='ocrx_word' id='word_1_107' title='bbox 457 2337 727 2414; x_wconf 81' lang='lat' dir='ltr'>1nanns‚ant‚si</span> <span class='ocrx_word' id='word_1_108' title='bbox 751 2335 866 2400; x_wconf 84' lang='lat' dir='ltr'>laisum</span> <span class='ocrx_word' id='word_1_109' title='bbox 890 2345 958 2420; x_wconf 89' lang='lat' dir='ltr'>est,</span> <span class='ocrx_word' id='word_1_110' title='bbox 975 2340 1143 2422; x_wconf 81' lang='lat' dir='ltr'>accingere</span> <span class='ocrx_word' id='word_1_111' title='bbox 1165 2349 1296 2408; x_wconf 78' lang='lat' dir='ltr'>eontra.</span> 
     </span>
     <span class='ocr_line' id='line_1_18' title="bbox 354 2451 1313 2534; baseline 0.007 -19"><span class='ocrx_word' id='word_1_112' title='bbox 354 2452 481 2534; x_wconf 80' lang='lat' dir='ltr'>quaerit</span> <span class='ocrx_word' id='word_1_113' title='bbox 504 2452 586 2516; x_wconf 87' lang='lat' dir='ltr'>enim</span> <span class='ocrx_word' id='word_1_114' title='bbox 610 2452 765 2515; x_wconf 84' lang='lat' dir='ltr'>rationem</span> <span class='ocrx_word' id='word_1_115' title='bbox 789 2451 933 2526; x_wconf 82' lang='lat' dir='ltr'>animus,</span> <span class='ocrx_word' id='word_1_116' title='bbox 950 2473 1019 2516; x_wconf 88' lang='lat' dir='ltr'>oum</span> <span class='ocrx_word' id='word_1_117' title='bbox 1044 2475 1166 2520; x_wconf 84' lang='lat' dir='ltr'>summa</span> <span class='ocrx_word' id='word_1_118' title='bbox 1189 2455 1250 2521; x_wconf 85' lang='lat' dir='ltr'>loci</span> <span class='ocrx_word' id='word_1_119' title='bbox 1273 2459 1313 2522; x_wconf 92' lang='lat' dir='ltr'>sit</span> 
     </span>
    </p>

    <p class='ocr_par' dir='ltr' id='par_1_6' title="bbox 270 2566 1317 2882">
     <span class='ocr_line' id='line_1_19' title="bbox 270 2566 1097 2644; baseline 0 -13"><span class='ocrx_word' id='word_1_120' title='bbox 270 2587 337 2632; x_wconf 74' lang='lat' dir='ltr'>roro</span> <span class='ocrx_word' id='word_1_121' title='bbox 353 2567 475 2631; x_wconf 83' lang='lat' dir='ltr'>infinita</span> <span class='ocrx_word' id='word_1_122' title='bbox 498 2567 575 2632; x_wconf 85' lang='lat' dir='ltr'>foris</span> <span class='ocrx_word' id='word_1_123' title='bbox 599 2566 679 2630; x_wconf 84' lang='lat' dir='ltr'>haee</span> <span class='ocrx_word' id='word_1_124' title='bbox 703 2571 795 2630; x_wconf 82' lang='lat' dir='ltr'>extra</span> <span class='ocrx_word' id='word_1_125' title='bbox 817 2568 945 2631; x_wconf 85' lang='lat' dir='ltr'>moenia</span> <span class='ocrx_word' id='word_1_126' title='bbox 966 2567 1097 2644; x_wconf 78' lang='lat' dir='ltr'>mundi,</span> 
     </span>
     <span class='ocr_line' id='line_1_20' title="bbox 354 2681 1317 2767; baseline 0.009 -24"><span class='ocrx_word' id='word_1_127' title='bbox 354 2681 429 2763; x_wconf 86' lang='lat' dir='ltr'>qnid</span> <span class='ocrx_word' id='word_1_128' title='bbox 453 2684 492 2747; x_wconf 89' lang='lat' dir='ltr'>sit</span> <span class='ocrx_word' id='word_1_129' title='bbox 514 2683 558 2747; x_wconf 90' lang='lat' dir='ltr'>ibi</span> <span class='ocrx_word' id='word_1_130' title='bbox 582 2705 696 2767; x_wconf 88' lang='lat' dir='ltr'>porro,</span> <span class='ocrx_word' id='word_1_131' title='bbox 715 2705 777 2765; x_wconf 90' lang='lat' dir='ltr'>qno</span> <span class='ocrx_word' id='word_1_132' title='bbox 801 2683 982 2767; x_wconf 85' lang='lat' dir='ltr'>prospioere</span> <span class='ocrx_word' id='word_1_133' title='bbox 1005 2703 1107 2764; x_wconf 88' lang='lat' dir='ltr'>usque</span> <span class='ocrx_word' id='word_1_134' title='bbox 1130 2685 1206 2749; x_wconf 87' lang='lat' dir='ltr'>velit</span> <span class='ocrx_word' id='word_1_135' title='bbox 1227 2706 1317 2752; x_wconf 89' lang='lat' dir='ltr'>mens</span> 
     </span>
     <span class='ocr_line' id='line_1_21' title="bbox 355 2799 1163 2882; baseline 0.004 -21"><span class='ocrx_word' id='word_1_136' title='bbox 355 2803 451 2879; x_wconf 84' lang='lat' dir='ltr'>atque</span> <span class='ocrx_word' id='word_1_137' title='bbox 474 2799 573 2862; x_wconf 89' lang='lat' dir='ltr'>animi</span> <span class='ocrx_word' id='word_1_138' title='bbox 596 2799 697 2863; x_wconf 81' lang='lat' dir='ltr'>iaetus</span> <span class='ocrx_word' id='word_1_139' title='bbox 720 2799 802 2864; x_wconf 86' lang='lat' dir='ltr'>liber</span> <span class='ocrx_word' id='word_1_140' title='bbox 824 2819 886 2880; x_wconf 92' lang='lat' dir='ltr'>quo</span> <span class='ocrx_word' id='word_1_141' title='bbox 910 2799 1053 2882; x_wconf 85' lang='lat' dir='ltr'>pervolet</span> <span class='ocrx_word' id='word_1_142' title='bbox 1075 2799 1163 2882; x_wconf 88' lang='lat' dir='ltr'>ipse.</span> 
     </span>
    </p>

    <p class='ocr_par' dir='ltr' id='par_1_7' title="bbox 354 2912 1241 3116">
     <span class='ocr_line' id='line_1_22' title="bbox 391 2912 1160 2999; baseline 0.007 -25"><span class='ocrx_word' id='word_1_143' title='bbox 391 2912 551 2996; x_wconf 82' lang='lat' dir='ltr'>Principio</span> <span class='ocrx_word' id='word_1_144' title='bbox 575 2914 666 2979; x_wconf 87' lang='lat' dir='ltr'>nobis</span> <span class='ocrx_word' id='word_1_145' title='bbox 688 2915 720 2978; x_wconf 91' lang='lat' dir='ltr'>in</span> <span class='ocrx_word' id='word_1_146' title='bbox 744 2919 874 2978; x_wconf 80' lang='lat' dir='ltr'>cunetas</span> <span class='ocrx_word' id='word_1_147' title='bbox 897 2914 1038 2995; x_wconf 87' lang='lat' dir='ltr'>undique</span> <span class='ocrx_word' id='word_1_148' title='bbox 1060 2915 1160 2999; x_wconf 81' lang='lat' dir='ltr'>partis</span> 
     </span>
     <span class='ocr_line' id='line_1_23' title="bbox 354 3028 1241 3116; baseline 0.007 -24"><span class='ocrx_word' id='word_1_149' title='bbox 354 3034 384 3092; x_wconf 80' lang='lat' dir='ltr'>et</span> <span class='ocrx_word' id='word_1_150' title='bbox 406 3028 508 3093; x_wconf 85' lang='lat' dir='ltr'>latero</span> <span class='ocrx_word' id='word_1_151' title='bbox 533 3048 571 3093; x_wconf 89' lang='lat' dir='ltr'>ex</span> <span class='ocrx_word' id='word_1_152' title='bbox 595 3035 728 3111; x_wconf 85' lang='lat' dir='ltr'>utroque</span> <span class='ocrx_word' id='word_1_153' title='bbox 752 3050 849 3113; x_wconf 84' lang='lat' dir='ltr'>supro</span> <span class='ocrx_word' id='word_1_154' title='bbox 872 3039 1043 3114; x_wconf 86' lang='lat' dir='ltr'>supterque</span> <span class='ocrx_word' id='word_1_155' title='bbox 1067 3049 1124 3116; x_wconf 91' lang='lat' dir='ltr'>per</span> <span class='ocrx_word' id='word_1_156' title='bbox 1147 3053 1241 3098; x_wconf 88' lang='lat' dir='ltr'>omne</span> 
     </span>
    </p>

    <p class='ocr_par' dir='ltr' id='par_1_8' title="bbox 271 3144 1281 3687">
     <span class='ocr_line' id='line_1_24' title="bbox 271 3144 1192 3229; baseline 0.002 -20"><span class='ocrx_word' id='word_1_157' title='bbox 271 3164 337 3210; x_wconf 76' lang='grc'><strong>1000</strong></span> <span class='ocrx_word' id='word_1_158' title='bbox 353 3144 443 3208; x_wconf 84' lang='lat' dir='ltr'>nullo</span> <span class='ocrx_word' id='word_1_159' title='bbox 466 3151 514 3208; x_wconf 88' lang='lat' dir='ltr'>est</span> <span class='ocrx_word' id='word_1_160' title='bbox 536 3145 627 3222; x_wconf 86' lang='lat' dir='ltr'>linis;</span> <span class='ocrx_word' id='word_1_161' title='bbox 645 3145 690 3208; x_wconf 91' lang='lat' dir='ltr'>uti</span> <span class='ocrx_word' id='word_1_162' title='bbox 712 3145 826 3226; x_wconf 87' lang='lat' dir='ltr'>dooui,</span> <span class='ocrx_word' id='word_1_163' title='bbox 843 3165 895 3210; x_wconf 85' lang='lat' dir='ltr'>res</span> <span class='ocrx_word' id='word_1_164' title='bbox 916 3145 1054 3229; x_wconf 85' lang='lat' dir='ltr'>ipsaque</span> <span class='ocrx_word' id='word_1_165' title='bbox 1078 3167 1135 3228; x_wconf 88' lang='lat' dir='ltr'>per</span> <span class='ocrx_word' id='word_1_166' title='bbox 1156 3165 1192 3212; x_wconf 85' lang='lat' dir='ltr'>se</span> 
     </span>
     <span class='ocr_line' id='line_1_25' title="bbox 352 3257 1065 3343; baseline 0.003 -21"><span class='ocrx_word' id='word_1_167' title='bbox 352 3257 563 3336; x_wconf 80' lang='lat' dir='ltr'>vociferatur,</span> <span class='ocrx_word' id='word_1_168' title='bbox 579 3268 609 3325; x_wconf 87' lang='lat' dir='ltr'>et</span> <span class='ocrx_word' id='word_1_169' title='bbox 633 3259 736 3325; x_wconf 81' lang='lat' dir='ltr'>eluoot</span> <span class='ocrx_word' id='word_1_170' title='bbox 760 3265 875 3323; x_wconf 84' lang='lat' dir='ltr'>natura</span> <span class='ocrx_word' id='word_1_171' title='bbox 897 3259 1065 3343; x_wconf 85' lang='lat' dir='ltr'>profundi.</span> 
     </span>
     <span class='ocr_line' id='line_1_26' title="bbox 353 3355 1281 3459; baseline 0.005 -24"><span class='ocrx_word' id='word_1_172' title='bbox 353 3373 442 3435; x_wconf 93' lang='lat' dir='ltr'>nullo</span> <span class='ocrx_word' id='word_1_173' title='bbox 465 3373 528 3436; x_wconf 84' lang='lat' dir='ltr'>iarn</span> <span class='ocrx_word' id='word_1_174' title='bbox 552 3381 647 3458; x_wconf 85' lang='lat' dir='ltr'>pacto</span> <span class='ocrx_word' id='word_1_175' title='bbox 669 3375 737 3439; x_wconf 88' lang='lat' dir='ltr'>veri</span> <span class='ocrx_word' id='word_1_176' title='bbox 760 3373 863 3438; x_wconf 90' lang='lat' dir='ltr'>simile</span> <span class='ocrx_word' id='word_1_177' title='bbox 887 3393 960 3438; x_wconf 87' lang='lat' dir='ltr'>esse</span> <span class='ocrx_word' id='word_1_178' title='bbox 982 3375 1211 3459; x_wconf 80' lang='lat' dir='ltr'>putandumst,</span> <span class='ocrx_word' id='word_1_179' title='bbox 1276 3355 1281 3364; x_wconf 51' lang='grc'>’</span> 
     </span>
     <span class='ocr_line' id='line_1_27' title="bbox 354 3487 1195 3582; baseline 0.006 -32"><span class='ocrx_word' id='word_1_180' title='bbox 354 3487 495 3568; x_wconf 89' lang='lat' dir='ltr'>undique</span> <span class='ocrx_word' id='word_1_181' title='bbox 519 3508 588 3551; x_wconf 86' lang='lat' dir='ltr'>oum</span> <span class='ocrx_word' id='word_1_182' title='bbox 612 3509 740 3554; x_wconf 85' lang='lat' dir='ltr'>vorsum</span> <span class='ocrx_word' id='word_1_183' title='bbox 764 3489 902 3573; x_wconf 86' lang='lat' dir='ltr'>spatium</span> <span class='ocrx_word' id='word_1_184' title='bbox 926 3497 1019 3553; x_wconf 84' lang='lat' dir='ltr'>vacet</span> <span class='ocrx_word' id='word_1_185' title='bbox 1041 3489 1195 3582; x_wconf 80' lang='lat' dir='ltr'>infinitum</span> 
     </span>
     <span class='ocr_line' id='line_1_28' title="bbox 354 3603 1274 3687; baseline 0.005 -21"><span class='ocrx_word' id='word_1_186' title='bbox 354 3603 541 3684; x_wconf 86' lang='lat' dir='ltr'>seminaque</span> <span class='ocrx_word' id='word_1_187' title='bbox 564 3603 728 3668; x_wconf 85' lang='lat' dir='ltr'>innumero</span> <span class='ocrx_word' id='word_1_188' title='bbox 751 3623 882 3668; x_wconf 87' lang='lat' dir='ltr'>numero</span> <span class='ocrx_word' id='word_1_189' title='bbox 905 3623 1094 3686; x_wconf 85' lang='lat' dir='ltr'>summaque</span> <span class='ocrx_word' id='word_1_190' title='bbox 1114 3604 1274 3687; x_wconf 75' lang='lat' dir='ltr'>prolunrla</span> 
     </span>
    </p>

    <p class='ocr_par' dir='ltr' id='par_1_9' title="bbox 270 3717 1256 4032">
     <span class='ocr_line' id='line_1_29' title="bbox 270 3717 1130 3802; baseline 0 -20"><span class='ocrx_word' id='word_1_191' title='bbox 270 3739 336 3784; x_wconf 74' lang='lat'>1055</span> <span class='ocrx_word' id='word_1_192' title='bbox 356 3717 550 3782; x_wconf 87' lang='lat' dir='ltr'>multimodis</span> <span class='ocrx_word' id='word_1_193' title='bbox 572 3717 703 3782; x_wconf 80' lang='lat' dir='ltr'>volitent</span> <span class='ocrx_word' id='word_1_194' title='bbox 726 3725 858 3783; x_wconf 82' lang='lat' dir='ltr'>aeterno</span> <span class='ocrx_word' id='word_1_195' title='bbox 882 3718 1000 3801; x_wconf 80' lang='lat' dir='ltr'>percita</span> <span class='ocrx_word' id='word_1_196' title='bbox 1023 3724 1130 3802; x_wconf 83' lang='lat' dir='ltr'>motu,</span> 
     </span>
     <span class='ocr_line' id='line_1_30' title="bbox 351 3833 1256 3915; baseline 0.002 -19"><span class='ocrx_word' id='word_1_197' title='bbox 351 3833 434 3896; x_wconf 87' lang='lat' dir='ltr'>hune</span> <span class='ocrx_word' id='word_1_198' title='bbox 457 3852 552 3896; x_wconf 87' lang='lat' dir='ltr'>unum</span> <span class='ocrx_word' id='word_1_199' title='bbox 577 3839 729 3896; x_wconf 83' lang='lat' dir='ltr'>terrarum</span> <span class='ocrx_word' id='word_1_200' title='bbox 751 3833 858 3898; x_wconf 87' lang='lat' dir='ltr'>orbem</span> <span class='ocrx_word' id='word_1_201' title='bbox 883 3833 1072 3915; x_wconf 76' lang='lat' dir='ltr'>caelumque</span> <span class='ocrx_word' id='word_1_202' title='bbox 1095 3841 1256 3913; x_wconf 79' lang='lat' dir='ltr'>creatum,</span> 
     </span>
     <span class='ocr_line' id='line_1_31' title="bbox 353 3947 1118 4032; baseline 0.004 -22"><span class='ocrx_word' id='word_1_203' title='bbox 353 3947 398 4010; x_wconf 92' lang='lat' dir='ltr'>nil</span> <span class='ocrx_word' id='word_1_204' title='bbox 421 3965 519 4028; x_wconf 84' lang='lat' dir='ltr'>agere</span> <span class='ocrx_word' id='word_1_205' title='bbox 542 3947 597 4012; x_wconf 86' lang='lat' dir='ltr'>illa</span> <span class='ocrx_word' id='word_1_206' title='bbox 620 3947 699 4014; x_wconf 84' lang='lat' dir='ltr'>foris</span> <span class='ocrx_word' id='word_1_207' title='bbox 722 3955 768 4016; x_wconf 91' lang='lat' dir='ltr'>tot</span> <span class='ocrx_word' id='word_1_208' title='bbox 790 3967 925 4030; x_wconf 81' lang='lat' dir='ltr'>corpora</span> <span class='ocrx_word' id='word_1_209' title='bbox 947 3949 1118 4032; x_wconf 77' lang='lat' dir='ltr'>materisi3</span> 
     </span>
    </p>

    <p class='ocr_par' dir='ltr' id='par_1_10' title="bbox 247 4059 1201 4147">
     <span class='ocr_line' id='line_1_32' title="bbox 247 4059 1201 4147; baseline 0.003 -23"><span class='ocrx_word' id='word_1_210' title='bbox 247 4086 251 4095; x_wconf 95' lang='lat'>·</span> <span class='ocrx_word' id='word_1_211' title='bbox 354 4081 424 4125; x_wconf 91' lang='lat' dir='ltr'>oum</span> <span class='ocrx_word' id='word_1_212' title='bbox 447 4064 636 4146; x_wconf 82' lang='lat' dir='ltr'>praesertim</span> <span class='ocrx_word' id='word_1_213' title='bbox 659 4063 711 4128; x_wconf 86' lang='lat' dir='ltr'>hio</span> <span class='ocrx_word' id='word_1_214' title='bbox 733 4063 774 4126; x_wconf 89' lang='lat' dir='ltr'>sit</span> <span class='ocrx_word' id='word_1_215' title='bbox 795 4067 912 4124; x_wconf 81' lang='lat' dir='ltr'>natura</span> <span class='ocrx_word' id='word_1_216' title='bbox 933 4059 1039 4126; x_wconf 83' lang='lat' dir='ltr'>laetus</span> <span class='ocrx_word' id='word_1_217' title='bbox 1051 4113 1059 4145; x_wconf 89' lang='lat'>,</span> <span class='ocrx_word' id='word_1_218' title='bbox 1077 4069 1108 4128; x_wconf 87' lang='lat' dir='ltr'>et</span> <span class='ocrx_word' id='word_1_219' title='bbox 1128 4063 1201 4147; x_wconf 81' lang='lat' dir='ltr'>ipsa</span> 
     </span>
    </p>
   </div>
   <div class='ocr_carea' id='block_1_3' title="bbox 354 4229 553 4236">
    <p class='ocr_par' dir='ltr' id='par_1_11' title="bbox 354 4229 553 4236">
     <span class='ocr_line' id='line_1_33' title="bbox 354 4229 553 4236; baseline -0.005 0"><span class='ocrx_word' id='word_1_220' title='bbox 354 4229 553 4236; x_wconf 72' lang='lat'><em>--—---.-...--</em></span> 
     </span>
    </p>
   </div>
   <div class='ocr_carea' id='block_1_4' title="bbox 358 4310 1448 4484">
    <p class='ocr_par' dir='ltr' id='par_1_12' title="bbox 358 4310 1448 4484">
     <span class='ocr_line' id='line_1_34' title="bbox 359 4310 1448 4397; baseline -0.006 -19"><span class='ocrx_word' id='word_1_221' title='bbox 359 4331 426 4378; x_wconf 78' lang='lat'>1029</span> <span class='ocrx_word' id='word_1_222' title='bbox 441 4330 556 4379; x_wconf 76' lang='lat' dir='ltr'>minuent</span> <span class='ocrx_word' id='word_1_223' title='bbox 568 4328 689 4378; x_wconf 77' lang='lat' dir='ltr'>mireliter</span> <span class='ocrx_word' id='word_1_224' title='bbox 709 4325 721 4394; x_wconf 72' lang='lat' dir='ltr'>ll</span> <span class='ocrx_word' id='word_1_225' title='bbox 745 4331 810 4377; x_wconf 84' lang='lat'>1030</span> <span class='ocrx_word' id='word_1_226' title='bbox 823 4327 955 4393; x_wconf 85' lang='lat' dir='ltr'>Principio</span> <span class='ocrx_word' id='word_1_227' title='bbox 976 4327 989 4396; x_wconf 71' lang='lat' dir='ltr'>ll</span> <span class='ocrx_word' id='word_1_228' title='bbox 1013 4331 1075 4378; x_wconf 83' lang='grc'><strong>1031</strong></span> <span class='ocrx_word' id='word_1_229' title='bbox 1093 4329 1213 4379; x_wconf 84' lang='lat' dir='ltr'>cohihent</span> <span class='ocrx_word' id='word_1_230' title='bbox 1232 4327 1246 4397; x_wconf 87' lang='grc' dir='ltr'>ΙΙ</span> <span class='ocrx_word' id='word_1_231' title='bbox 1268 4327 1427 4379; x_wconf 66' lang='grc'><strong>1033000011·</strong></span> <span class='ocrx_word' id='word_1_232' title='bbox 1439 4310 1448 4372; x_wconf 85' lang='lat' dir='ltr'>ll</span> 
     </span>
     <span class='ocr_line' id='line_1_35' title="bbox 358 4399 1447 4484; baseline -0.009 -18"><span class='ocrx_word' id='word_1_233' title='bbox 358 4421 422 4467; x_wconf 83' lang='grc'><strong>1041</strong></span> <span class='ocrx_word' id='word_1_234' title='bbox 443 4427 524 4467; x_wconf 77' lang='lat' dir='ltr'>tectus</span> <span class='ocrx_word' id='word_1_235' title='bbox 543 4417 621 4465; x_wconf 85' lang='lat' dir='ltr'>libero</span> <span class='ocrx_word' id='word_1_236' title='bbox 646 4411 660 4482; x_wconf 80' lang='grc' dir='ltr'>Η</span> <span class='ocrx_word' id='word_1_237' title='bbox 688 4417 753 4464; x_wconf 85' lang='grc'><strong>1049</strong></span> <span class='ocrx_word' id='word_1_238' title='bbox 772 4431 847 4479; x_wconf 76' lang='lat' dir='ltr'>supra</span> <span class='ocrx_word' id='word_1_239' title='bbox 865 4417 1005 4466; x_wconf 75' lang='lat' dir='ltr'>omissum.</span> <span class='ocrx_word' id='word_1_240' title='bbox 1027 4417 1039 4484; x_wconf 77' lang='grc' dir='ltr'>Η</span> <span class='ocrx_word' id='word_1_241' title='bbox 1059 4431 1183 4481; x_wconf 81' lang='lat' dir='ltr'>superque</span> <span class='ocrx_word' id='word_1_242' title='bbox 1203 4415 1216 4484; x_wconf 73' lang='lat' dir='ltr'>ll</span> <span class='ocrx_word' id='word_1_243' title='bbox 1239 4419 1304 4467; x_wconf 75' lang='lat'>1052</span> <span class='ocrx_word' id='word_1_244' title='bbox 1323 4399 1447 4463; x_wconf 69' lang='lat' dir='ltr'>renotuit</span> 
     </span>
    </p>
   </div>
   <div class='ocr_carea' id='block_1_5' title="bbox 0 0 1530 5144">
    <p class='ocr_par' dir='ltr' id='par_1_13' title="bbox 0 0 1530 5144">
     <span class='ocr_line' id='line_1_36' title="bbox 0 0 1530 5144; baseline 0 0"><span class='ocrx_word' id='word_1_245' title='bbox 0 0 1530 5144; x_wconf 95' lang='lat' dir='ltr'> </span> 
     </span>
    </p>
   </div>
  </div>
 </body>
</html>
