3036 5150
302 399 361 465 118
837 397 869 461 II

299 570 425 637 serens:
449 543 955 649 constantissimamque,
972 565 1397 650 quooosrrrannssst‚n0n

298 671 450 758 scripsit,
466 670 525 737 sed
541 671 622 736 baec
636 668 826 753 verissima,
843 667 978 734 ‘Versus
1000 670 1128 735 lunatos
1151 669 1246 735 sicin
1261 667 1398 734 ordinem

299 774 434 841 restituo
447 773 465 837 .’

385 874 457 940 749.
480 893 659 938 aurarum
681 894 725 936 nn
748 893 861 936 oanis
874 922 882 938 .
896 871 1053 938 Antonius
1069 871 1163 938 Marii
1178 877 1211 938 et
1226 871 1402 956 Naugerius
1510 880 1511 950 l

298 999 334 1042 ru
356 975 588 1042 omoiemiror
603 975 775 1041 Marullum
790 975 959 1059 scripsisse
974 976 1008 1040 cin
1030 975 1155 1058 omnio,
1179 975 1348 1040 Avantium
1370 976 1402 1038 ia
1510 973 1511 1056 l

301 1103 406 1146 omar.
1342 1103 1346 1109 ·

385 1181 445 1248 757
453 1181 563 1246 -806,
587 1179 819 1244 Pnnurnnns
841 1201 897 1244 ss.
921 1177 988 1244 Hos
1003 1197 1135 1264 versus,
1152 1199 1234 1262 qnos
1249 1179 1301 1245 hic
1315 1178 1404 1243 omis·

300 1304 353 1349 sos
381 1281 558 1368 quadratus
589 1287 664 1366 post
696 1281 813 1346 librum
849 1287 975 1346 sextum
1002 1279 1153 1364 exhibet,
1176 1281 1406 1365 quinquaginta

299 1384 381 1450 duos
405 1403 477 1450 esse
498 1383 665 1467 intelleget
687 1382 741 1467 qni
764 1381 871 1448 indice
888 1381 1106 1467 ,capitulorum
1121 1383 1166 1448 uti
1182 1383 1332 1454 didicerit
1347 1431 1354 1448 .
1369 1401 1406 1448 ex

301 1487 414 1554 eodem
439 1491 546 1551 autem
569 1486 710 1552 numeris
737 1483 902 1550 subductis
930 1483 1103 1569 apparebit
1129 1484 1212 1550 hanc
1240 1505 1313 1552 esse
1338 1484 1408 1550 libri
1511 1509 1512 1530 r

299 1587 431 1656 secundi
464 1587 616 1655 schedam
646 1585 980 1654 sextamdecimam:
1013 1606 1088 1651 nam
1118 1587 1269 1652 versibus
1297 1591 1409 1672 poetae

300 1712 415 1755 ncouvr
437 1688 581 1755 addendi
603 1697 677 1757 sunt
698 1689 783 1755 tituli
805 1709 907 1772 xxnv,
929 1687 983 1772 qni
1006 1688 1085 1754 fiunt
1105 1709 1220 1755 versus
1245 1709 1409 1770 eccum,

300 1793 361 1859 boc
383 1799 432 1858 ost
453 1793 595 1877 paginae
617 1815 684 1858 xxx
706 1811 856 1858 versuum
879 1791 1030 1874 vigenam
1053 1811 1191 1857 senum.

385 1894 458 1962 759.
489 1915 707 1960 cussonsus
723 1934 810 1942 —-
826 1913 993 1959 conones
1015 1942 1022 1957 .
1046 1893 1100 1958 Sic
1122 1893 1322 1977 aliquotiens
1343 1893 1410 1958 libri

300 2004 448 2079 veteres,
467 1995 544 2062 item
559 1997 593 2062 in
608 1998 763 2064 Varronis
778 2017 885 2064 rernm
900 1996 1089 2062 rusticarum
1103 2017 1151 2080 ru,
1167 1997 1199 2080 5,
1220 1997 1262 2060 ll
1281 1996 1322 2061 14
1336 2019 1412 2083 quoe
1487 2045 1490 2056 .
1512 2008 1513 2068 l

298 2113 375 2166 sant
395 2099 507 2164 ababuc
522 2099 706 2186 mnar'peaus
720 2101 863 2188 oppletae
885 2105 917 2164 et
938 2123 1013 2164 acas
1034 2112 1107 2164 mont
1123 2099 1413 2188 omnipenas.sae·

298 2202 372 2288 pins
394 2205 502 2265 tamen
525 2205 557 2265 et
579 2201 696 2268 rectius
719 2203 872 2288 scriptum
894 2222 992 2264 onus
1013 2225 1113 2288 penas
1136 2247 1144 2264 .
1181 2207 1345 2268 corrector
1366 2199 1415 2266 ob
1512 2191 1513 2254 Ῐ

298 2302 408 2386 longi,
432 2302 507 2366 item
530 2301 688 2368 Antonius
710 2303 804 2370 illarii
827 2311 859 2370 et
881 2323 991 2369 omnes
1015 2303 1186 2388 impressi,
1211 2305 1412 2389 omrrsjqcaos.

299 2405 358 2471 hoc
381 2403 497 2470 salsum
520 2422 593 2471 ease
615 2403 843 2472 demonstrabo
866 2405 909 2471 ad
931 2405 1048 2471 librum
1070 2427 1100 2490 v,
1118 2405 1210 2470 441:
1236 2407 1416 2492 omasptnur

298 2507 437 2573 fortasse
459 2503 609 2572 dixemnt
630 2507 686 2591 qui
707 2509 803 2574 unius
825 2528 843 2574 o
865 2507 991 2574 duobus
1014 2507 1199 2575 accentibus
1231 2507 1354 2574 vellent
1374 2505 1415 2572 la·

221 2647 222 2651 =
298 2627 372 2676 esre
394 2607 618 2694 compendium
631 2657 639 2676 .
654 2615 740 2677 certe
762 2609 859 2678 simili
882 2610 978 2676 modo
1002 2611 1102 2675 multa
1124 2609 1411 2700 conglutinarent,

298 2711 505 2794 ornoimddc's,
531 2710 745 2797 multimoda,
777 2727 841 2778 tom
870 2714 931 2778 etsi
956 2731 1016 2797 pro
1046 2718 1150 2778 temen
1178 2726 1207 2779 et
1235 2718 1270 2778 si
1279 2761 1289 2794 ,
1318 2717 1415 2777 austro

294 2815 356 2898 (sic
377 2812 467 2900 apud
492 2811 639 2879 Graiium
659 2813 757 2900 385),
788 2816 917 2882 domitio
935 2815 1151 2902 pocatrssalo,
1177 2815 1411 2901 paenalte'mas,

296 2919 505 3006 mopadpere,
521 2916 706 3002 tantopere,
722 2921 912 3004 oeqadas'mo
926 2919 989 3003 (sic
1004 2917 1199 3002 glossarium
1211 2914 1412 3000 Philoxeni),

300 3021 376 3088 item
392 3023 542 3104 correpta
555 3017 664 3084 vocali
681 3019 781 3103 longa
792 3021 959 3108 siquidem,
973 3017 1241 3108 quandoquidem
1254 3017 1411 3105 qadrnoda

302 3127 500 3189 consonante
515 3121 646 3208 paulum
660 3120 819 3188 inmutata
830 3147 921 3210 qoem
937 3122 1128 3206 ominodam,
1145 3120 1340 3206 obedadam,
1355 3119 1410 3184 ali·

300 3225 462 3313 quandia,
486 3229 656 3311 tauquam,
676 3226 855 3312 posquam.

384 3328 457 3393 760.
480 3325 711 3390 Pasnnnnns
727 3347 847 3391 unosn
862 3348 961 3401 ouon
973 3347 1115 3392 arruns
1128 3375 1136 3390 .
1150 3325 1311 3392 Antonius
1322 3321 1410 3388 blatii

302 3435 335 3496 et
350 3428 509 3494 Marullus
524 3427 778 3513 Pnonnunnn3
802 3429 889 3514 quod
907 3429 1056 3497 (litanias
1071 3426 1310 3512 Oreechiusque
1330 3432 1411 3492 reete

299 3530 495 3618 probarunt,
519 3530 696 3597 Lambinus
712 3537 745 3596 et
759 3531 984 3599 Wakefieldns
1006 3532 1216 3615 neglexerunt
1229 3578 1238 3595 .
1254 3527 1408 3612 Forbiger

298 3631 375 3717 quid
398 3631 542 3717 iaceret,
565 3632 629 3698 nisi
652 3635 898 3700 contemneret?

382 3733 456 3800 763.
479 3734 701 3798 Pnarnornn
723 3755 898 3801 nanneno
916 3785 923 3802 .
940 3734 1117 3802 Brixiensis
1140 3731 1246 3801 editor
1266 3737 1301 3800 et
1321 3733 1408 3798 Lun-

297 3837 394 3903 binna
416 3855 640 3901 surannae.

383 3937 455 4006 765.
478 3959 581 4002 runnu
603 3959 774 4005 rosanus
791 3991 799 4008 .
816 3941 991 4008 Lambinus
1013 3959 1199 4004 nossrnn.

383 4043 455 4109 779.
479 4061 651 4112 eoronam
674 4063 910 4113 Qnsnnnrou
932 4063 1091 4114 ussoun
1113 4061 1296 4105 ssounss.
1313 4039 1407 4105 Anto·

296 4144 370 4212 nius
386 4143 480 4209 Marii
496 4149 528 4209 ot
542 4143 698 4210 Marullus
703 4145 820 4233 flpara
834 4160 901 4212 cst:
922 4148 1041 4214 rectius
1063 4145 1139 4210 olim
1161 4142 1310 4227 impressi
1333 4165 1407 4207 aaa

296 4271 356 4334 que
377 4265 522 4338 rrounn
546 4295 554 4312 .
577 4247 718 4313 Muretus
740 4273 886 4335 anaeque
898 4250 1050 4338 piparas,
1073 4251 1185 4312 contra
1206 4241 1405 4310 consuetudi·

295 4367 370 4416 nem
392 4347 555 4433 Lucretii,
579 4347 635 4434 qui
658 4346 739 4414 dixit
761 4352 858 4416 anias
882 4351 977 4417 dorae
989 4401 998 4434 ‚
1021 4351 1090 4432 res',
1111 4347 1237 4437 puteat.

381 4451 454 4518 780.
477 4471 540 4515 urr
554 4473 591 4515 ru
606 4451 1056 4522 nunnnsno.Scnibendum
1072 4457 1122 4518 est
1140 4471 1187 4515 ur
1209 4451 1262 4534 sir,
1285 4455 1321 4516 ut
1341 4447 1405 4514 dixi

294 4571 390 4619 versu
412 4551 500 4620 322.
