2996 5148
315 382 354 446 16
860 382 877 446 Ι

312 573 385 619 nem
401 553 518 618 iecisse
533 550 654 617 fertur.
670 570 767 636 porro
783 551 896 618 eadem
913 552 1097 620 differentia
1112 555 1208 620 estin
1230 557 1358 620 electiore
1371 562 1397 620 et

313 657 491 740 obstetrice,
508 655 541 720 in
556 655 717 720 mortorio
734 661 766 719 et
779 655 961 738 meretrice,
978 653 1150 738 dequibus
1165 675 1257 722 nemo
1271 655 1397 738 dubitat,

313 777 510 843 quamquam
526 762 619 823 retus
636 756 738 822 codex
754 756 858 822 Plauti
873 757 907 821 in
923 755 1106 823 Cistellaria
1120 779 1163 842 n,
1187 759 1227 844 3,
1250 759 1290 824 22
1303 760 1341 824 23
1353 759 1399 823 ha·

312 863 367 927 bet
387 862 552 926 martreio.
568 858 682 926 eodem
704 857 877 924 referenda
899 865 948 926 est
968 862 1244 948 cauiocfortaoe
1258 861 1353 927 Plauti
1373 861 1401 925 in

313 963 459 1030 Rudente
473 984 517 1046 11,
534 964 575 1046 6,
590 963 650 1045 49,
667 961 722 1027 ubi
740 961 863 1028 Nonius
878 983 909 1046 p.
924 961 1008 1045 406,
1031 963 1053 1028 5
1068 987 1123 1050 eqo
1138 966 1318 1030 caminam:
1337 983 1401 1028 nam

313 1090 413 1148 anas,
436 1066 514 1148 quia
531 1067 673 1151 μονῆρες
695 1070 763 1148 ost,
787 1063 846 1130 sub
863 1063 1097 1130 simillimorum
1113 1067 1268 1132 rationem
1284 1065 1403 1132 succidit

313 1177 345 1235 et
360 1169 437 1234 facit
452 1170 572 1251 anites,
594 1167 682 1252 quod
698 1173 746 1233 est
761 1167 793 1231 in
809 1165 954 1251 Captivis
969 1189 1009 1249 v,
1025 1168 1065 1251 4,
1083 1169 1103 1233 6
1117 1171 1168 1252 (et
1181 1172 1300 1235 cadum
1314 1170 1403 1253 prima

312 1291 409 1338 manu
436 1269 695 1336 vindobonensis
722 1270 841 1335 saeculi
869 1269 985 1335 decimi
1014 1269 1116 1336 codex
1138 1273 1171 1336 in
1194 1272 1351 1338 Ciceronis
1370 1270 1404 1335 de

312 1381 428 1441 natura
449 1372 581 1438 deorum
610 1372 691 1437 libro
713 1394 757 1456 11,
788 1372 869 1456 124,
897 1370 983 1437 idem
1010 1392 1032 1436 a
1053 1378 1232 1440 correctore
1253 1393 1314 1439 non
1333 1373 1404 1440 bene

312 1477 471 1562 cadum:
494 1493 572 1558 ergo
595 1495 654 1560 pro
677 1477 818 1556 anitiae,
841 1479 973 1560 propter
994 1477 1010 1539 i
1028 1475 1160 1559 longum
1183 1476 1270 1560 quod
1292 1478 1325 1542 in
1343 1497 1405 1562 pro

312 1581 400 1646 xima
414 1577 544 1662 syllaba
558 1584 630 1662 est,
654 1577 770 1642 dicitur
793 1577 973 1642 aruinam.
991 1576 1048 1642 sed
1064 1578 1106 1644 ab
1130 1580 1246 1645 eodem
1262 1578 1404 1646 vocabulo

312 1683 410 1748 etiam
433 1685 580 1764 correpto
603 1682 619 1745 ι’
638 1679 854 1762 subsequente
868 1679 1059 1746 aneticubzm
1081 1681 1187 1765 prima
1208 1703 1306 1748 manu
1327 1687 1405 1749 vetra

312 1783 489 1852 (temerarii
505 1783 539 1848 in
555 1782 777 1865 Asinariam,
794 1783 835 1866 3,
858 1782 939 1865 103,
960 1801 981 1848 a
995 1789 1175 1850 correctore
1189 1785 1276 1852 idem
1291 1785 1407 1850 caiom-

312 1889 396 1954 lom.
412 1906 452 1952 ac
473 1905 515 1952 ne
538 1885 626 1950 iniis
648 1884 778 1969 quidem
800 1904 884 1968 quae
906 1887 922 1950 ι’
941 1884 1128 1970 productum
1152 1885 1292 1971 habent,
1314 1887 1405 1970 legem

311 1990 405 2056 certis
420 1988 538 2054 finibus
553 1986 748 2072 descriptam
770 1987 901 2053 invenio
916 2009 923 2052 :
939 1994 988 2054 est
1003 1989 1088 2054 enim
1104 1991 1331 2056 irueroeoiaam
1349 1987 1407 2072 qui·

311 2091 384 2158 dem
395 2091 466 2157 sire
476 2092 719 2173 internecatum,
735 2089 793 2155 sed
806 2089 967 2156 veteribus
978 2091 1083 2174 magis
1093 2091 1217 2176 placuit
1232 2094 1407 2159 emmeram

311 2213 408 2278 quam
422 2193 636 2278 subsecivum,
651 2211 757 2276 noque
771 2199 895 2259 mutant
912 2195 1078 2272 aeduinus,
1102 2195 1348 2278 hirundineum,
1367 2217 1407 2258 re·

311 2297 434 2362 eidioue
441 2345 450 2378 ,
466 2295 642 2379 additions,
655 2295 847 2378 conditione,
862 2297 1026 2379 imitiouo,
1039 2298 1240 2384 prriae'ts'cas,
1253 2297 1407 2374 mcum,
1479 2319 1480 2380 3

307 2398 491 2486 proditrix,
515 2397 674 2479 ἅεόίινίω,
697 2399 853 2463 uniente.
870 2396 951 2463 haec
972 2397 1070 2482 igitur
1092 2401 1313 2484 grammaticis
1334 2397 1408 2465 erol·
1479 2383 1480 2438 1

310 2500 418 2567 venda
433 2498 747 2583 commendabimus,
771 2499 826 2582 qui
845 2498 955 2564 adhuc·
962 2503 1100 2588 gondrico
1123 2501 1342 2568 delectantur.
1357 2501 1407 2564 Lu-

311 2605 400 2670 cretii
416 2605 525 2690 primo
547 2627 639 2668 vesu
660 2602 727 2684 (ita
749 2601 845 2685 dicit)
860 2601 1045 2670 Priscianus
1061 2623 1138 2671 usus
1154 2609 1202 2670 est
1216 2625 1250 2690 p.
1269 2606 1349 2688 133,
1368 2607 1409 2666 se·-

311 2706 406 2772 cundi
422 2711 514 2791 parte
530 2705 660 2771 Servius
675 2703 719 2770 ad
734 2703 899 2770 Aeneidos
922 2728 953 2790 r,
980 2707 1060 2790 198,
1085 2715 1117 2774 et
1131 2707 1182 2773 hio
1204 2708 1335 2790 quidem
1350 2705 1409 2772 sino

310 2809 440 2875 nomine
458 2813 595 2894 politae,
619 2813 654 2873 ut
674 2806 825 2874 rideatur
846 2825 954 2874 errore
974 2811 1148 2876 memoriae
1164 2809 1305 2876 Lucretii
1321 2807 1411 2876 rerba

311 2911 503 2997 apposuisse
524 2931 584 2996 pro
601 2910 798 2996 Vergiliania
821 2929 906 2994 quae
928 2917 1002 2978 sunt
1025 2914 1057 2978 in
1078 2913 1256 2996 georgicon
1270 2934 1314 2996 11,
1338 2911 1408 2990 151,

310 3015 456 3100 ontr‘quoe
482 3029 590 3102 supter
619 3015 759 3080 &obedio
785 3037 914 3080 muros:
941 3013 1018 3080 dicit
1046 3015 1131 3080 enim
1153 3017 1235 3081 Ante
1265 3015 1410 3081 malorum

308 3109 365 3204 ὑφ’
388 3110 425 3182 ἓν
447 3130 511 3200 eet,
534 3131 568 3183 ut
590 3117 673 3182 alebi
691 3117 775 3183 caeli
793 3115 899 3183 erodter
921 3117 1057 3184 kderuio
1080 3121 1194 3205 mirae.
1210 3135 1338 3185 versum
1358 3122 1409 3180 ter·
1478 3145 1479 3150 ¹

309 3220 387 3286 tium
411 3239 482 3286 cum
505 3225 596 3304 parte
618 3219 722 3302 quarti
745 3217 843 3284 habet
865 3219 990 3285 Nonius
1012 3241 1045 3306 p.
1061 3221 1145 3306 274,
1167 3224 1218 3289 32.
1478 3301 1479 3310 ,

395 3323 436 3390 5.
459 3343 600 3386 nuunns
623 3341 746 3387 sonna.
778 3323 809 3388 l.
832 3321 1124 3395 Aornuruuous
1147 3347 1268 3392 nunu.
1293 3325 1350 3390 Hic
1369 3339 1410 3386 so·

309 3425 371 3490 mel
395 3423 501 3490 dicam
524 3425 611 3508 qnod
633 3426 784 3491 lectorem
807 3443 935 3510 semper
957 3427 1142 3495 meminisse
1157 3433 1303 3514 oportet,
1325 3443 1409 3510 quem

309 3525 482 3592 admodum
500 3527 722 3613 Havercampo
738 3527 818 3592 nihil
833 3526 1029 3595 credendum
1045 3529 1107 3616 sit,
1131 3529 1177 3595 ita
1192 3549 1265 3596 eum
1280 3527 1410 3594 omnium

309 3629 441 3696 minime
456 3629 654 3696 audiendum
670 3648 762 3712 esse,
785 3647 856 3694 curn
873 3629 1033 3698 Vossiano
1055 3633 1200 3718 utrique,
1225 3651 1308 3718 quos
1329 3633 1410 3696 nout

308 3732 338 3796 Y
361 3732 406 3817 Z,
430 3751 471 3798 aa
493 3731 656 3800 adscribat
678 3750 761 3815 quae
784 3750 805 3796 a
827 3751 878 3798 me
901 3752 966 3800 non
986 3734 1187 3802 referantur.
1204 3737 1256 3802 hie
1277 3737 1311 3801 in
1333 3741 1408 3800 utro·

308 3853 371 3916 que
386 3833 466 3900 dicit
480 3854 552 3901 esse
568 3835 705 3918 lumine,
728 3833 763 3898 in
777 3839 914 3918 utroque
929 3837 1137 3926 Adventuqoe
1159 3853 1234 3906 ooo:
1256 3838 1352 3904 habet
1370 3837 1410 3900 lo·

307 3939 397 4002 mino
412 3937 594 4022 oblongus,
618 3938 735 4003 lumine
750 3937 928 4019 quadratus
950 3946 981 4007 et
996 3939 1156 4025 schedae,
1182 3941 1411 4026 neumamque

308 4051 396 4103 coum
411 4039 570 4122 oblongus
586 4039 763 4124 quadratus
784 4040 944 4108 schedae.
960 4042 1099 4110 &odola
1115 4043 1207 4109 bellem
1220 4065 1239 4110 e
1251 4041 1409 4118 Lucretio,

308 4141 363 4223 qui
386 4141 501 4207 iterum
527 4143 574 4207 ita
602 4141 685 4208 dixit
706 4162 802 4208 versu
824 4143 908 4230 228,
936 4145 1118 4212 Macrobius
1146 4147 1180 4211 in
1203 4144 1411 4214 Saturnalium
1477 4205 1478 4218 ,

308 4264 361 4328 rr,
384 4245 428 4309 4.
451 4243 619 4310 daedalum
639 4257 757 4311 ercam
776 4265 816 4313 ex
836 4246 950 4313 eodem
973 4249 1097 4333 profert
1118 4268 1183 4315 non
1198 4250 1278 4316 satis
1293 4248 1410 4314 curiose
1477 4333 1478 4336 Ἴ

308 4365 410 4430 agens
425 4345 546 4413 Paulus
563 4347 717 4414 diaconus
732 4367 751 4415 s
767 4349 862 4414 Festo
879 4349 961 4416 libro
978 4371 1011 4420 rr
1026 4372 1056 4437 p.
1070 4353 1112 4418 52
1125 4351 1336 4418 Lindemanni
1349 4399 1356 4413 .
1371 4344 1409 4411 ad
1477 4357 1478 4371 ¹

307 4449 471 4534 proximos
499 4469 611 4518 versus
637 4451 769 4536 respicit
791 4453 942 4538 Servius,
972 4473 1042 4518 curn
1069 4453 1147 4520 dicit
1173 4454 1216 4520 ad
1244 4451 1409 4538 georgicon

307 4573 350 4636 11,
374 4554 457 4638 329,
474 4555 516 4618 Et
538 4555 685 4619 Venerem
700 4557 794 4620 certat
809 4571 951 4641 repetunt
966 4571 1109 4624 ameum
1123 4557 1254 4622 diebus.
1271 4554 1408 4632 statutae,
