3036 5150
305 391 348 458 84
845 389 878 456 11

303 562 451 629 rideatur
473 561 582 628 omnia
610 561 710 627 semel
733 561 775 626 ad
799 555 941 648 ἀνάγκην
968 567 1000 625 et
1023 561 1066 626 ad
1089 560 1222 625 deorum
1246 561 1407 626 arbitrium

302 663 423 732 referre
432 661 453 751 ‚]
469 665 536 729 Nec
542 666 725 752 persectari
726 663 912 752 primordio
922 663 1052 751 aiupala
1063 687 1217 750 quaeque,
1236 663 1276 728 Ut
1288 663 1409 730 videant

303 792 368 856 qao
383 769 518 854 quicque
531 780 665 853 perator·
680 791 750 847 caesa
765 769 906 832 ratione.
922 771 1019 848 atque
1040 763 1090 830 bis
1113 772 1188 850 apte
1210 766 1319 832 iuncta
1339 773 1411 831 sunt

302 889 386 955 quae
407 865 578 936 secuntur:
607 889 647 934 oa
674 889 750 936 vero
779 869 873 935 buius
896 867 984 933 modi
1007 875 1100 952 sunt,
1124 888 1166 933 ue
1188 887 1259 934 esse
1282 868 1410 952 quidem

302 991 383 1057 opus
405 979 441 1038 nt
463 973 581 1057 aliquis
597 971 844 1058 primordiorum
865 979 1014 1037 naturam
1029 977 1178 1036 accurate
1194 973 1410 1056 pervestiget,

301 1095 365 1158 quo
388 1076 495 1160 magis
516 1076 692 1161 perspiciat
712 1076 897 1142 universam
913 1095 1018 1141 rerum
1038 1081 1188 1139 naturam
1211 1095 1274 1140 non
1300 1095 1371 1142 esse
1392 1095 1412 1140 a

301 1177 365 1243 diis
386 1177 551 1244 hominnm
573 1197 672 1244 eausa
694 1179 922 1244 constitutam.
947 1176 1005 1242 sed
1022 1176 1104 1243 bauo
1120 1197 1187 1242 rem
1208 1184 1326 1263 poeta,
1350 1179 1410 1243 nisi

301 1279 417 1364 fallor,
441 1280 581 1347 breviter
603 1281 698 1347 nimis
714 1300 773 1347 nee
795 1286 861 1346 tam
877 1279 997 1345 diserte
1020 1299 1117 1363 quam
1136 1281 1219 1346 solet
1240 1283 1409 1368 exposuit:

301 1402 377 1449 nam
393 1381 474 1449 illud
490 1383 674 1468 blanditur,
689 1383 775 1468 quod
792 1391 842 1450 est
856 1384 889 1448 in
904 1401 1000 1449 versu
1018 1383 1098 1462 173,
1115 1401 1136 1448 a
1150 1383 1317 1468 plerisque
1333 1383 1410 1450 irus·

300 1492 351 1552 tra
372 1489 561 1571 temptatum
576 1485 666 1571 (itali
682 1487 767 1552 enim
784 1485 889 1552 iecere
910 1487 1003 1552 Ut—
1014 1485 1211 1568 blanditam,
1235 1485 1410 1554 Lambinus

306 1589 610 1673 [lt-blanditer),
631 1589 710 1656 satis
731 1590 811 1655 dure
826 1589 966 1676 positum
989 1593 1039 1654 est
1061 1607 1119 1673 pro
1135 1587 1329 1655 blandiendo
1343 1591 1409 1656 lor-

299 1703 385 1758 tatar
400 1691 470 1758 sive
483 1691 656 1780 persuadet
674 1697 706 1758 et
721 1693 879 1780 compellit
895 1691 1057 1776 (similiter
1069 1691 1233 1758 Vitruvius
1245 1691 1278 1756 in
1290 1693 1366 1759 libri
1377 1714 1410 1756 ru

298 1794 503 1880 praefatione
524 1819 594 1860 cam
614 1796 708 1862 etiam
730 1819 823 1882 saepe
844 1794 1028 1860 blandiatur
1040 1795 1149 1882 proteo
1164 1797 1410 1862 convebabramo

297 1898 382 1963 verb
393 1895 523 1963 dads'cirb
534 1897 580 1964 ad
579 1897 708 1983 falsam
713 1899 949 1986 probationem:
961 1896 1039 1962 dicit
1050 1897 1134 1962 enim
1146 1896 1316 1985 convivia,
1329 1917 1410 1983 quae

298 1997 437 2066 artifices
452 1998 530 2067 dent
544 1999 728 2085 nobilibus,
745 2020 844 2085 saepe
860 1999 973 2064 borum
988 1997 1134 2066 favorem
1150 1999 1342 2086 eblandiri),
1359 2020 1409 2066 ne

297 2103 633 2189 queversui183,iu
656 2123 719 2187 qno
743 2110 792 2170 est
806 2103 900 2168 Noae
917 2101 954 2167 id
974 2101 1060 2188 qaod
1080 2127 1176 2189 saper
1199 2117 1243 2170 eet
1265 2104 1408 2192 sepellie-

296 2229 367 2270 mae
379 2254 388 2289 ,
405 2207 574 2272 commode
588 2206 690 2272 subici
703 2206 808 2292 potuit
822 2206 918 2270 Nunc
930 2205 1016 2270 loeas
1028 2217 1072 2270 eet
1083 2206 1119 2270 s'a
1129 2206 1180 2270 lre‘e
1191 2207 1277 2272 illud
1287 2231 1409 2294 quoquc

296 2309 390 2373 rebec
405 2307 618 2395 Confirmarc.
635 2307 761 2375 aceedit
775 2308 862 2393 qued
878 2327 913 2375 ee
929 2325 995 2372 rem
1008 2310 1168 2394 posteriue
1182 2310 1408 2396 opertamfac·

296 2421 402 2475 taram
424 2412 603 2498 promittit;
627 2411 714 2498 quod
737 2411 792 2477 ubi
811 2409 972 2496 praestitit
986 2410 1134 2476 versibus
1149 2429 1279 2496 quoque
1295 2412 1407 2478 iisdem

297 2511 422 2596 aliquot
443 2515 588 2601 repetitis
610 2515 644 2581 iu
667 2513 749 2579 libro
772 2513 883 2596 quinto
902 2511 1089 2592 ree-234,
1113 2512 1158 2578 ibi
1181 2515 1229 2580 rei
1244 2515 1407 2581 institutae

296 2615 519 2682 tractationem
541 2637 606 2684 nou
628 2617 707 2684 satis
729 2623 815 2682 reete
841 2617 1053 2700 interruptam
1075 2633 1147 2682 esse
1176 2615 1219 2681 ad
1242 2619 1313 2684 eius
1335 2617 1406 2683 libri

295 2737 425 2784 versum
447 2719 510 2788 235
533 2720 848 2787 demonstrabimus.
880 2719 1020 2802 denique
1050 2738 1145 2804 quem
1173 2717 1347 2812 admodum
1374 2721 1405 2785 in

294 2819 366 2906 his,
383 2821 499 2907 quibus
519 2843 625 2890 rerum
647 2829 794 2888 naturam
817 2823 860 2889 ad
883 2823 1057 2889 utilitatem
1079 2823 1241 2890 bominum
1266 2831 1404 2892 creatam

295 2943 367 2991 esse
390 2931 509 3012 negat,
525 2933 590 2992 tam
614 2926 810 2992 insecundo
833 2925 916 2992 libro
939 2945 1036 3009 quam
1058 2926 1092 2991 in
1115 2927 1226 3010 quinto
1249 2927 1404 3013 composi·
1516 2919 1517 2959 l

294 3029 414 3094 tionem
436 3029 594 3114 poematis
616 3029 767 3096 laborare
790 3028 1028 3110 intelleximus,
1046 3029 1091 3094 ita
1114 3030 1147 3094 in
1162 3049 1198 3095 re
1213 3029 1288 3096 boio
1310 3030 1403 3096 simil·

293 3129 372 3197 lima
393 3131 427 3197 in
450 3130 533 3196 libro
556 3137 691 3215 quarto,
718 3131 773 3197 nbi
804 3151 919 3198 sensns
947 3131 1127 3196 bominibus
1150 3139 1283 3216 propter
1315 3151 1400 3197 usum

293 3231 387 3300 datos
411 3253 482 3300 esse
505 3233 593 3298 nullo
616 3233 712 3299 modo
741 3233 828 3300 erodi
856 3253 952 3318 posse
979 3233 1093 3317 docet,
1121 3253 1231 3299 rursus
1254 3233 1400 3302 observa·

293 3334 397 3400 bimus
427 3353 498 3401 eam
522 3355 589 3402 rem
612 3355 738 3402 omnem
761 3337 838 3402 illue
859 3355 924 3401 non
949 3335 1055 3401 faeere
1078 3333 1273 3402 eat-857.
1297 3339 1398 3421 itaque
1515 3341 1516 3365 ¹

292 3437 495 3523 perspicuum
518 3445 567 3505 est
590 3439 648 3504 bos
671 3439 760 3505 locos
775 3457 796 3504 a
811 3439 959 3504 Lucretio
975 3457 1039 3503 uon
1056 3457 1094 3503 eo
1111 3437 1223 3504 ordine
1239 3460 1305 3523 qno
1320 3457 1398 3504 nnnc

293 3540 439 3606 earmina
461 3540 582 3626 scripta
603 3541 741 3625 legimus
764 3547 919 3608 tractatos
936 3561 1027 3625 esse,
1044 3539 1102 3606 sed
1125 3541 1191 3605 alio
1213 3548 1355 3627 tempore
1368 3547 1398 3606 et

291 3661 363 3708 oum
385 3649 493 3710 cetera
519 3643 723 3710 inmanibus
750 3663 815 3710 non
842 3643 995 3726 haberet,
1024 3661 1094 3707 oum
1116 3643 1232 3726 quibus
1254 3649 1347 3729 posta
1366 3649 1395 3708 et
1514 3673 1515 3722 1

289 3743 499 3830 philosophus
525 3745 594 3811 veri
623 3765 729 3812 rernm
759 3745 881 3812 ordinis
910 3745 1049 3811 maxime
1076 3743 1241 3812 studiosus
1268 3747 1340 3827 iila,
1366 3744 1393 3808 si

289 3853 419 3932 posset,
442 3867 538 3931 qnam
561 3849 728 3933 aptissime
752 3850 947 3931 coniungere
970 3846 1133 3914 debebat.
1150 3867 1191 3914 ex
1214 3867 1277 3932 quo
1299 3864 1391 3932 appa·

290 3953 357 4030 ret,
382 3948 468 4032 quod
491 3951 555 4016 iam
577 3970 676 4037 supra
698 3951 787 4028 dixi,
811 3952 916 4036 ipsum
937 3955 1067 4036 poetam
1082 3949 1142 4015 boo
1158 3969 1239 4036 opus
1256 3970 1317 4017 non
1332 3947 1390 4014 edi·

289 4049 397 4136 disse,
425 4072 528 4136 neque
560 4055 697 4138 primum
727 4054 883 4120 editorem
906 4073 1038 4120 curasse
1065 4060 1099 4118 nt
1120 4053 1270 4137 singulae
1292 4057 1390 4138 partes

288 4153 452 4238 perfectae
474 4162 507 4222 et
529 4155 698 4222 absolutae
720 4156 928 4240 riderentur3
963 4175 1057 4240 quem
1085 4156 1188 4239 siquis
1214 4157 1248 4222 iu
1278 4156 1324 4221 bis
1353 4151 1389 4216 de

287 4255 402 4340 quibus
425 4277 511 4323 nuno
533 4277 604 4324 oum
626 4259 765 4324 maxime
780 4259 906 4342 agimus
923 4259 1071 4326 versibus
1087 4257 1199 4324 charta
1214 4257 1388 4346 imperfecta

287 4364 319 4425 et
340 4357 449 4426 lacera
476 4379 568 4426 usum
597 4380 668 4428 esse
696 4361 932 4449 suspicabitur,
963 4369 998 4429 ut
1025 4381 1065 4430 ea
1092 4383 1177 4448 qnae
1206 4361 1259 4430 bie
1283 4361 1386 4427 deesse

286 4462 471 4548 scripsimus
494 4482 666 4547 numquam
689 4463 778 4531 edita
800 4465 983 4551 existimet,
1006 4465 1087 4532 nihii
1110 4465 1236 4532 habebo
1259 4461 1339 4549 qnod
1359 4460 1385 4524 ei
1512 4487 1513 4500 ι

286 4583 469 4651 repugnare
491 4565 616 4634 dicam.
