3052 5144
360 426 402 489 48
910 417 939 482 II

362 589 447 656 ae‘ris
469 587 546 653 haut
567 592 703 672 possunt
724 606 827 668 aeque
850 607 915 652 rem
939 607 1100 669 quamque
1122 589 1258 673 morari,

361 703 418 770 sed
441 702 534 768 eitius
556 702 673 768 cedunt
692 701 894 784 gravioribus
913 709 1126 786 exsuperata:

287 842 337 889 535
363 825 396 884 at
418 824 528 883 eontra
550 817 628 883 uuili
652 817 693 881 de
715 815 804 879 nulla
826 821 916 898 parte
939 835 1044 899 neque
1069 817 1135 882 uilo

361 939 504 1017 tempore
525 932 620 996 inane
644 935 750 1014 potest
771 949 909 995 5555555555
931 931 1106 997 subsistere
1129 930 1196 1008 rei,

363 1047 459 1130 quin,
483 1066 543 1111 sua
565 1045 652 1129 quod
674 1055 789 1112 natura
811 1048 909 1132 petit,
933 1045 1108 1113 ooneedere
1129 1051 1264 1130 pergat:

361 1163 470 1227 omnia
493 1182 557 1243 qua
579 1169 709 1247 propter
731 1162 848 1230 debent
868 1180 928 1246 per
949 1161 1046 1226 inane
1068 1160 1209 1242 quietum

363 1297 465 1358 aeque
486 1277 682 1362 ponderibus
705 1298 768 1343 non
792 1277 905 1358 aequis
927 1273 1053 1342 oonoita
1075 1273 1171 1341 ferri.

287 1414 337 1460 uro
362 1391 450 1457 haud
472 1393 568 1477 igitur
590 1397 739 1477 poterunt
759 1391 933 1458 levioribus
955 1389 1096 1456 ineidere
1118 1409 1269 1471 umquam

361 1527 400 1571 ex
423 1525 538 1590 supero
561 1508 737 1591 graviores
756 1526 863 1588 neque
884 1507 967 1573 intus
988 1506 1120 1590 gignere
1142 1523 1201 1588 per
1224 1523 1279 1578 se,

362 1623 415 1703 qui
438 1621 563 1686 varient
585 1627 708 1705 motus,
732 1641 789 1705 per
811 1641 891 1702 quos
914 1627 1030 1684 natura
1052 1625 1144 1702 gerat
1165 1637 1236 1683 res.

363 1756 464 1818 quare
486 1737 583 1802 etiarn
602 1741 699 1817 atque
723 1735 819 1800 etiarn
842 1735 974 1819 paulum
996 1732 1151 1797 inclinare
1171 1737 1334 1798 necessest

362 1871 518 1936 eorpora;
543 1869 602 1914 neo
624 1849 696 1933 pius
719 1869 815 1931 quam
838 1848 1022 1924 minimum,
1045 1865 1086 1910 ne
1107 1844 1231 1926 fingere
1252 1853 1360 1912 motus

287 1967 511 2047 aasentiquos
533 1965 697 2030 videamur
720 1971 751 2028 et
772 1963 806 2028 id
829 1982 880 2029 res
902 1979 979 2026 vera
1002 1959 1135 2025 reiutet.

364 2099 502 2160 namque
525 2078 586 2143 hoo
608 2079 640 2142 in
662 2085 811 2162 promptu
833 2075 1099 2157 manifestumque
1122 2092 1194 2140 esse
1216 2073 1385 2160 videmus,

363 2192 528 2278 pondera,
552 2193 758 2273 quantumin
782 2211 817 2256 se
839 2197 908 2268 est,
930 2209 994 2256 non
1017 2209 1113 2274 posse
1136 2189 1418 2270 obliquantem,
1516 2211 1517 2234 ²

288 2389 292 2396 .
364 2327 404 2374 ex
427 2327 542 2390 supero
566 2327 637 2370 eurn
660 2305 892 2390 praecipitant,
917 2303 1003 2386 quod
1025 2321 1157 2370 eernere
1180 2304 1307 2388 possis:

364 2421 421 2488 sed
445 2421 487 2485 nil
511 2421 640 2486 omuino
663 2420 752 2484 uuila
775 2419 905 2502 regione
928 2418 993 2483 viai

289 2557 339 2603 555
363 2535 523 2602 deoiinare
547 2536 618 2617 quis
640 2542 688 2600 est
711 2535 764 2616 qui
787 2541 929 2618 praestet
950 2551 1080 2599 eernere
1102 2531 1202 2597 sese?

406 2651 554 2732 Denique
576 2649 602 2715 si
626 2669 753 2734 semper
775 2659 880 2715 motus
901 2649 1075 2714 conectitur
1096 2647 1199 2712 omnis

363 2771 395 2830 et
417 2771 522 2830 vetere
545 2771 658 2829 exaoto
681 2764 819 2828 exoritur
841 2783 942 2828 novus
965 2761 1076 2829 ordine
1098 2769 1204 2844 certo,

362 2899 421 2944 neo
444 2877 635 2944 declinando
658 2877 780 2942 iaciunt
801 2877 975 2960 primordia
998 2884 1102 2942 rnotus
1162 2931 1168 2946 ,

363 2994 552 3078 principium
576 2991 761 3074 quoddam,
785 2990 871 3072 quod
893 2991 951 3056 fati
974 2990 1108 3057 foedera
1130 2997 1275 3074 rurnpat,

288 3127 338 3173 555
365 3127 404 3172 ex
426 3108 548 3172 infinito
572 3125 612 3172 ne
635 3125 768 3171 eausam
790 3124 890 3170 eausa
913 3112 1085 3188 sequetur,

362 3221 462 3288 libera
483 3241 542 3306 per
564 3227 667 3286 terras
689 3219 775 3284 uude
799 3221 878 3284 haee
900 3219 1118 3284 animantibus
1141 3225 1267 3296 exstat,

363 3335 449 3402 unde
473 3336 644 3414 estosed,
667 3337 819 3419 inquam,
842 3333 919 3399 satis
941 3333 1059 3398 avolsa
1076 3339 1243 3418 potestas,

364 3469 422 3534 per
445 3469 541 3531 quarn
564 3449 786 3533 progredimur
808 3469 870 3531 quo
895 3448 980 3514 duoit
1001 3469 1159 3531 quemque
1182 3450 1353 3532 voluntas,

273 3631 279 3644 ,
362 3563 560 3631 declinamus
582 3565 656 3628 iteur
679 3570 783 3627 rnotus
806 3582 866 3628 neo
887 3569 1030 3646 ternpore
1054 3561 1139 3628 oe'rto

289 3697 339 3744 eoo
365 3699 423 3745 5555
446 3679 576 3762 regione
599 3677 660 3741 ioci
685 3683 792 3762 eerta,
817 3677 874 3744 sed
897 3678 951 3742 ubi
974 3678 1046 3761 ipsa
1067 3677 1138 3740 tulit
1159 3678 1277 3742 ruens?

365 3814 439 3858 narn
463 3793 560 3857 dubio
582 3792 693 3877 prooul
715 3793 764 3857 his
787 3794 882 3858 rebus
905 3813 965 3858 sua
988 3791 1103 3874 ouique
1123 3792 1272 3856 voluutas

363 3907 553 3992 principium
576 3908 651 3984 dat,
675 3913 706 3973 et
728 3907 802 3972 hino
825 3913 928 3972 motus
951 3925 1009 3991 per
1031 3907 1173 3972 membra
1195 3907 1359 3990 rigantur.

365 4089 564 4099 -—---..-....—-

368 4211 417 4257 233
438 4209 549 4258 Haerent
572 4205 586 4276 ΙΙ
612 4211 846 4272 234555555555555.
876 4205 889 4274 ΙΙ
920 4211 970 4257 250
989 4217 1125 4272 potueruut
1152 4205 1166 4274 ii
1196 4210 1244 4256 257
1264 4223 1291 4257 se
1309 4207 1438 4258 mirsam·
1456 4228 1466 4263 5.

368 4299 417 4344 249
437 4297 507 4345 nulla
525 4299 664 4348 ominum.
686 4293 699 4362 Η
725 4297 775 4344 250
795 4295 874 4358 possit
894 4291 906 4361 Η
928 4299 975 4343 251
997 4305 1068 4344 motu
1092 4293 1107 4364 ΙΙ
1133 4297 1183 4343 252
1202 4303 1293 4344 exacto
1312 4295 1441 4344 omissum·
1457 4282 1467 4349 ΙΙ

366 4385 415 4432 2δῖ
436 4385 567 4448 voluptas.
