<?xml version="1.0" encoding="UTF-8"?>
<!DOCTYPE html PUBLIC "-//W3C//DTD XHTML 1.0 Transitional//EN"
    "http://www.w3.org/TR/xhtml1/DTD/xhtml1-transitional.dtd">
<html xmlns="http://www.w3.org/1999/xhtml" xml:lang="en" lang="en">
 <head>
  <title>
</title>
<meta http-equiv="Content-Type" content="text/html;charset=utf-8" />
  <meta name='ocr-system' content='tesseract 3.04.00' />
  <meta name='ocr-capabilities' content='ocr_page ocr_carea ocr_par ocr_line ocrx_word'/>
</head>
<body>
  <div class='ocr_page' id='page_1' title='image "./tlucreticarider24carugoog_0160.png"; bbox 0 0 3020 5146; ppageno 0'>
   <div class='ocr_carea' id='block_1_1' title="bbox 111 1231 1014 1574">
    <p class='ocr_par' dir='ltr' id='par_1_1' title="bbox 111 1231 1014 1574">
     <span class='ocr_line' id='line_1_1' title="bbox 259 1231 845 1318; baseline -0.009 1"><span class='ocrx_word' id='word_1_1' title='bbox 259 1231 337 1318; x_wconf 82' lang='lat' dir='ltr'>&#39;T.</span> <span class='ocrx_word' id='word_1_2' title='bbox 366 1233 657 1318; x_wconf 79' lang='lat' dir='ltr'>LUORETI</span> <span class='ocrx_word' id='word_1_3' title='bbox 689 1231 845 1316; x_wconf 80' lang='lat' dir='ltr'><strong>CARI</strong></span> 
     </span>
     <span class='ocr_line' id='line_1_2' title="bbox 111 1469 1014 1574; baseline -0.002 -4"><span class='ocrx_word' id='word_1_4' title='bbox 111 1475 223 1570; x_wconf 83' lang='lat' dir='ltr'>DE</span> <span class='ocrx_word' id='word_1_5' title='bbox 270 1471 593 1572; x_wconf 85' lang='lat' dir='ltr'>RERUM</span> <span class='ocrx_word' id='word_1_6' title='bbox 637 1469 1014 1574; x_wconf 79' lang='lat' dir='ltr'><strong>NATURA</strong></span> 
     </span>
    </p>
   </div>
   <div class='ocr_carea' id='block_1_2' title="bbox 368 1663 757 1798">
    <p class='ocr_par' dir='ltr' id='par_1_2' title="bbox 368 1663 757 1798">
     <span class='ocr_line' id='line_1_3' title="bbox 368 1663 757 1798; baseline 0 -14"><span class='ocrx_word' id='word_1_7' title='bbox 368 1719 507 1786; x_wconf 80' lang='lat' dir='ltr'>LIBER</span> <span class='ocrx_word' id='word_1_8' title='bbox 533 1663 757 1798; x_wconf 80' lang='lat' dir='ltr'>QUINTllS.</span> 
     </span>
    </p>
   </div>
   <div class='ocr_carea' id='block_1_3' title="bbox 31 2199 978 4264">
    <p class='ocr_par' dir='ltr' id='par_1_3' title="bbox 35 2199 870 2436">
     <span class='ocr_line' id='line_1_4' title="bbox 35 2199 870 2321; baseline -0.002 -21"><span class='ocrx_word' id='word_1_9' title='bbox 35 2199 94 2300; x_wconf 72' lang='lat' dir='ltr'>llus</span> <span class='ocrx_word' id='word_1_10' title='bbox 111 2237 190 2320; x_wconf 90' lang='lat' dir='ltr'>potis</span> <span class='ocrx_word' id='word_1_11' title='bbox 213 2243 262 2302; x_wconf 88' lang='lat' dir='ltr'>est</span> <span class='ocrx_word' id='word_1_12' title='bbox 286 2235 417 2316; x_wconf 85' lang='lat' dir='ltr'>(liguum</span> <span class='ocrx_word' id='word_1_13' title='bbox 437 2235 569 2320; x_wconf 89' lang='lat' dir='ltr'>pollenti</span> <span class='ocrx_word' id='word_1_14' title='bbox 593 2241 721 2321; x_wconf 75' lang='lat' dir='ltr'>pectore</span> <span class='ocrx_word' id='word_1_15' title='bbox 744 2255 870 2300; x_wconf 82' lang='lat' dir='ltr'>oarruen</span> 
     </span>
     <span class='ocr_line' id='line_1_5' title="bbox 37 2349 854 2436; baseline 0.006 -28"><span class='ocrx_word' id='word_1_16' title='bbox 37 2349 134 2416; x_wconf 82' lang='lat' dir='ltr'>roulere</span> <span class='ocrx_word' id='word_1_17' title='bbox 156 2371 214 2436; x_wconf 90' lang='lat' dir='ltr'>pro</span> <span class='ocrx_word' id='word_1_18' title='bbox 237 2369 345 2415; x_wconf 89' lang='lat' dir='ltr'>rerum</span> <span class='ocrx_word' id='word_1_19' title='bbox 371 2350 535 2416; x_wconf 85' lang='lat' dir='ltr'>maiestate</span> <span class='ocrx_word' id='word_1_20' title='bbox 557 2351 669 2434; x_wconf 84' lang='lat' dir='ltr'>hisque</span> <span class='ocrx_word' id='word_1_21' title='bbox 693 2349 854 2434; x_wconf 76' lang='lat' dir='ltr'><strong>repertis?</strong></span> 
     </span>
    </p>

    <p class='ocr_par' dir='ltr' id='par_1_4' title="bbox 33 2463 864 2662">
     <span class='ocr_line' id='line_1_6' title="bbox 37 2463 864 2548; baseline 0.013 -29"><span class='ocrx_word' id='word_1_22' title='bbox 37 2463 111 2540; x_wconf 70' lang='lat' dir='ltr'>quisve</span> <span class='ocrx_word' id='word_1_23' title='bbox 131 2467 213 2531; x_wconf 83' lang='lat' dir='ltr'>valet</span> <span class='ocrx_word' id='word_1_24' title='bbox 236 2464 345 2532; x_wconf 84' lang='lat' dir='ltr'>verbis</span> <span class='ocrx_word' id='word_1_25' title='bbox 369 2471 510 2541; x_wconf 82' lang='lat' dir='ltr'>lautum,</span> <span class='ocrx_word' id='word_1_26' title='bbox 528 2466 581 2547; x_wconf 90' lang='lat' dir='ltr'>qui</span> <span class='ocrx_word' id='word_1_27' title='bbox 606 2465 727 2548; x_wconf 84' lang='lat' dir='ltr'>lingere</span> <span class='ocrx_word' id='word_1_28' title='bbox 750 2464 864 2530; x_wconf 87' lang='lat' dir='ltr'>laudes</span> 
     </span>
     <span class='ocr_line' id='line_1_7' title="bbox 33 2579 725 2662; baseline 0.013 -26"><span class='ocrx_word' id='word_1_29' title='bbox 33 2579 199 2654; x_wconf 81' lang='lat' dir='ltr'>promeritis</span> <span class='ocrx_word' id='word_1_30' title='bbox 222 2579 296 2645; x_wconf 88' lang='lat' dir='ltr'>eius</span> <span class='ocrx_word' id='word_1_31' title='bbox 318 2579 438 2662; x_wconf 85' lang='lat' dir='ltr'>possit,</span> <span class='ocrx_word' id='word_1_32' title='bbox 455 2579 508 2660; x_wconf 90' lang='lat' dir='ltr'>qui</span> <span class='ocrx_word' id='word_1_33' title='bbox 531 2579 610 2642; x_wconf 83' lang='lat' dir='ltr'>talia</span> <span class='ocrx_word' id='word_1_34' title='bbox 634 2581 725 2645; x_wconf 87' lang='lat' dir='ltr'>nobis</span> 
     </span>
    </p>

    <p class='ocr_par' dir='ltr' id='par_1_5' title="bbox 31 2683 978 3237">
     <span class='ocr_line' id='line_1_8' title="bbox 32 2683 863 2778; baseline 0.007 -28"><span class='ocrx_word' id='word_1_35' title='bbox 32 2698 129 2768; x_wconf 77' lang='lat' dir='ltr'>pectore</span> <span class='ocrx_word' id='word_1_36' title='bbox 149 2701 240 2778; x_wconf 81' lang='lat' dir='ltr'>parto</span> <span class='ocrx_word' id='word_1_37' title='bbox 263 2683 324 2759; x_wconf 80' lang='lat' dir='ltr'>suo</span> <span class='ocrx_word' id='word_1_38' title='bbox 348 2693 556 2777; x_wconf 83' lang='lat' dir='ltr'>quaesitaque</span> <span class='ocrx_word' id='word_1_39' title='bbox 577 2694 722 2776; x_wconf 83' lang='lat' dir='ltr'>praemia</span> <span class='ocrx_word' id='word_1_40' title='bbox 745 2693 863 2777; x_wconf 80' lang='lat' dir='ltr'>liquit?</span> 
     </span>
     <span class='ocr_line' id='line_1_9' title="bbox 31 2807 978 2894; baseline 0.011 -30"><span class='ocrx_word' id='word_1_41' title='bbox 31 2819 116 2888; x_wconf 76' lang='lat' dir='ltr'>ueuo,</span> <span class='ocrx_word' id='word_1_42' title='bbox 131 2815 161 2872; x_wconf 88' lang='lat' dir='ltr'>ul</span> <span class='ocrx_word' id='word_1_43' title='bbox 182 2809 319 2894; x_wconf 86' lang='lat' dir='ltr'>opinor,</span> <span class='ocrx_word' id='word_1_44' title='bbox 336 2808 395 2872; x_wconf 86' lang='lat' dir='ltr'>erit</span> <span class='ocrx_word' id='word_1_45' title='bbox 417 2807 544 2872; x_wconf 83' lang='lat' dir='ltr'>mortali</span> <span class='ocrx_word' id='word_1_46' title='bbox 566 2827 699 2891; x_wconf 87' lang='lat' dir='ltr'>corpore</span> <span class='ocrx_word' id='word_1_47' title='bbox 723 2815 848 2873; x_wconf 89' lang='lat' dir='ltr'>oretus.</span> <span class='ocrx_word' id='word_1_48' title='bbox 974 2845 978 2854; x_wconf 91' lang='lat'><em>·</em></span> 
     </span>
     <span class='ocr_line' id='line_1_10' title="bbox 32 2921 863 3007; baseline 0.005 -27"><span class='ocrx_word' id='word_1_49' title='bbox 32 2933 85 2980; x_wconf 85' lang='lat' dir='ltr'>uam</span> <span class='ocrx_word' id='word_1_50' title='bbox 104 2921 145 3000; x_wconf 79' lang='lat' dir='ltr'>si,</span> <span class='ocrx_word' id='word_1_51' title='bbox 160 2930 194 2988; x_wconf 87' lang='lat' dir='ltr'>ut</span> <span class='ocrx_word' id='word_1_52' title='bbox 215 2925 290 3007; x_wconf 78' lang='lat' dir='ltr'>ipsu</span> <span class='ocrx_word' id='word_1_53' title='bbox 313 2922 392 3007; x_wconf 89' lang='lat' dir='ltr'>petit</span> <span class='ocrx_word' id='word_1_54' title='bbox 415 2921 565 2987; x_wconf 82' lang='lat' dir='ltr'>maiestas</span> <span class='ocrx_word' id='word_1_55' title='bbox 588 2923 717 3005; x_wconf 81' lang='lat' dir='ltr'>cognita</span> <span class='ocrx_word' id='word_1_56' title='bbox 740 2941 863 3002; x_wconf 85' lang='lat' dir='ltr'>rerum,</span> 
     </span>
     <span class='ocr_line' id='line_1_11' title="bbox 33 3029 961 3120; baseline 0.001 -26"><span class='ocrx_word' id='word_1_57' title='bbox 33 3029 172 3100; x_wconf 83' lang='lat' dir='ltr'>dicendum</span> <span class='ocrx_word' id='word_1_58' title='bbox 195 3045 264 3116; x_wconf 86' lang='lat' dir='ltr'>est,</span> <span class='ocrx_word' id='word_1_59' title='bbox 282 3037 361 3101; x_wconf 86' lang='lat' dir='ltr'>deus</span> <span class='ocrx_word' id='word_1_60' title='bbox 383 3037 438 3100; x_wconf 89' lang='lat' dir='ltr'>ille</span> <span class='ocrx_word' id='word_1_61' title='bbox 461 3035 539 3120; x_wconf 83' lang='lat' dir='ltr'>fuit,</span> <span class='ocrx_word' id='word_1_62' title='bbox 557 3037 655 3113; x_wconf 86' lang='lat' dir='ltr'>deus,</span> <span class='ocrx_word' id='word_1_63' title='bbox 671 3037 788 3120; x_wconf 86' lang='lat' dir='ltr'>inolyto</span> <span class='ocrx_word' id='word_1_64' title='bbox 812 3034 961 3110; x_wconf 80' lang='lat' dir='ltr'>Meuuui,</span> 
     </span>
     <span class='ocr_line' id='line_1_12' title="bbox 32 3146 859 3237; baseline 0.008 -30"><span class='ocrx_word' id='word_1_65' title='bbox 32 3146 70 3225; x_wconf 81' lang='lat' dir='ltr'>qui</span> <span class='ocrx_word' id='word_1_66' title='bbox 89 3149 226 3237; x_wconf 78' lang='lat' dir='ltr'>princeps</span> <span class='ocrx_word' id='word_1_67' title='bbox 249 3153 335 3217; x_wconf 82' lang='lat' dir='ltr'>vitae</span> <span class='ocrx_word' id='word_1_68' title='bbox 360 3151 514 3216; x_wconf 82' lang='lat' dir='ltr'>rationem</span> <span class='ocrx_word' id='word_1_69' title='bbox 538 3151 658 3216; x_wconf 88' lang='lat' dir='ltr'>invenit</span> <span class='ocrx_word' id='word_1_70' title='bbox 680 3170 751 3216; x_wconf 86' lang='lat' dir='ltr'>earu</span> <span class='ocrx_word' id='word_1_71' title='bbox 776 3171 859 3232; x_wconf 84' lang='lat' dir='ltr'>quoe</span> 
     </span>
    </p>

    <p class='ocr_par' dir='ltr' id='par_1_6' title="bbox 34 3266 826 3351">
     <span class='ocr_line' id='line_1_13' title="bbox 34 3266 826 3351; baseline 0.01 -31"><span class='ocrx_word' id='word_1_72' title='bbox 34 3279 95 3326; x_wconf 85' lang='lat' dir='ltr'>uuuo</span> <span class='ocrx_word' id='word_1_73' title='bbox 113 3268 290 3350; x_wconf 82' lang='lat' dir='ltr'>appellatur</span> <span class='ocrx_word' id='word_1_74' title='bbox 312 3267 492 3351; x_wconf 81' lang='lat' dir='ltr'>sapientia,</span> <span class='ocrx_word' id='word_1_75' title='bbox 510 3266 627 3348; x_wconf 86' lang='lat' dir='ltr'>quique</span> <span class='ocrx_word' id='word_1_76' title='bbox 650 3285 707 3349; x_wconf 86' lang='lat' dir='ltr'>per</span> <span class='ocrx_word' id='word_1_77' title='bbox 729 3271 826 3329; x_wconf 83' lang='lat' dir='ltr'>artem</span> 
     </span>
    </p>

    <p class='ocr_par' dir='ltr' id='par_1_7' title="bbox 33 3369 767 3462">
     <span class='ocr_line' id='line_1_14' title="bbox 33 3369 767 3462; baseline 0.015 -29"><span class='ocrx_word' id='word_1_78' title='bbox 33 3369 145 3444; x_wconf 74' lang='lat' dir='ltr'>luctibus</span> <span class='ocrx_word' id='word_1_79' title='bbox 166 3401 183 3445; x_wconf 89' lang='lat' dir='ltr'>e</span> <span class='ocrx_word' id='word_1_80' title='bbox 205 3382 303 3446; x_wconf 83' lang='lat' dir='ltr'>tontis</span> <span class='ocrx_word' id='word_1_81' title='bbox 326 3381 422 3446; x_wconf 80' lang='lat' dir='ltr'>vitam</span> <span class='ocrx_word' id='word_1_82' title='bbox 446 3381 604 3462; x_wconf 77' lang='lat' dir='ltr'>tantisque</span> <span class='ocrx_word' id='word_1_83' title='bbox 627 3381 767 3445; x_wconf 84' lang='lat' dir='ltr'>tenebris</span> 
     </span>
    </p>

    <p class='ocr_par' dir='ltr' id='par_1_8' title="bbox 33 3481 821 3580">
     <span class='ocr_line' id='line_1_15' title="bbox 33 3481 821 3580; baseline 0.006 -29"><span class='ocrx_word' id='word_1_84' title='bbox 33 3481 55 3546; x_wconf 82' lang='lat' dir='ltr'>iu</span> <span class='ocrx_word' id='word_1_85' title='bbox 72 3495 125 3554; x_wconf 83' lang='lat' dir='ltr'>laur</span> <span class='ocrx_word' id='word_1_86' title='bbox 146 3497 314 3580; x_wconf 85' lang='lat' dir='ltr'>tranquillo</span> <span class='ocrx_word' id='word_1_87' title='bbox 338 3501 369 3560; x_wconf 89' lang='lat' dir='ltr'>et</span> <span class='ocrx_word' id='word_1_88' title='bbox 390 3503 456 3561; x_wconf 82' lang='lat' dir='ltr'>lam</span> <span class='ocrx_word' id='word_1_89' title='bbox 480 3495 568 3560; x_wconf 82' lang='lat' dir='ltr'>olere</span> <span class='ocrx_word' id='word_1_90' title='bbox 591 3493 661 3560; x_wconf 87' lang='lat' dir='ltr'>luce</span> <span class='ocrx_word' id='word_1_91' title='bbox 683 3493 821 3558; x_wconf 79' lang='lat' dir='ltr'>locauit.</span> 
     </span>
    </p>

    <p class='ocr_par' dir='ltr' id='par_1_9' title="bbox 35 3605 827 3692">
     <span class='ocr_line' id='line_1_16' title="bbox 35 3605 827 3692; baseline 0.009 -28"><span class='ocrx_word' id='word_1_92' title='bbox 35 3605 117 3668; x_wconf 78' lang='lat' dir='ltr'>touler</span> <span class='ocrx_word' id='word_1_93' title='bbox 137 3609 217 3673; x_wconf 80' lang='lat' dir='ltr'>euim</span> <span class='ocrx_word' id='word_1_94' title='bbox 240 3609 350 3675; x_wconf 83' lang='lat' dir='ltr'>divina</span> <span class='ocrx_word' id='word_1_95' title='bbox 373 3610 508 3674; x_wconf 85' lang='lat' dir='ltr'>aliorum</span> <span class='ocrx_word' id='word_1_96' title='bbox 530 3609 662 3691; x_wconf 84' lang='lat' dir='ltr'>antique</span> <span class='ocrx_word' id='word_1_97' title='bbox 683 3613 827 3692; x_wconf 85' lang='lat' dir='ltr'>reperta.</span> 
     </span>
    </p>

    <p class='ocr_par' dir='ltr' id='par_1_10' title="bbox 36 3721 851 3918">
     <span class='ocr_line' id='line_1_17' title="bbox 36 3721 851 3805; baseline 0.011 -27"><span class='ocrx_word' id='word_1_98' title='bbox 36 3727 143 3800; x_wconf 78' lang='lat' dir='ltr'>touque</span> <span class='ocrx_word' id='word_1_99' title='bbox 164 3721 261 3790; x_wconf 75' lang='lat' dir='ltr'>Ceres</span> <span class='ocrx_word' id='word_1_100' title='bbox 283 3723 385 3789; x_wconf 83' lang='lat' dir='ltr'>fertur</span> <span class='ocrx_word' id='word_1_101' title='bbox 407 3722 515 3805; x_wconf 85' lang='lat' dir='ltr'>fruges</span> <span class='ocrx_word' id='word_1_102' title='bbox 538 3723 696 3804; x_wconf 81' lang='lat' dir='ltr'>Liberque</span> <span class='ocrx_word' id='word_1_103' title='bbox 717 3721 851 3803; x_wconf 90' lang='lat' dir='ltr'>liquoris</span> 
     </span>
     <span class='ocr_line' id='line_1_18' title="bbox 36 3825 710 3918; baseline 0.01 -23"><span class='ocrx_word' id='word_1_104' title='bbox 36 3825 136 3912; x_wconf 71' lang='lat' dir='ltr'>vitigeni</span> <span class='ocrx_word' id='word_1_105' title='bbox 157 3835 282 3904; x_wconf 84' lang='lat' dir='ltr'>lulioem</span> <span class='ocrx_word' id='word_1_106' title='bbox 307 3839 492 3902; x_wconf 86' lang='lat' dir='ltr'>mortalibus</span> <span class='ocrx_word' id='word_1_107' title='bbox 515 3836 710 3918; x_wconf 84' lang='lat' dir='ltr'>instituisse3</span> 
     </span>
    </p>

    <p class='ocr_par' dir='ltr' id='par_1_11' title="bbox 38 3951 939 4148">
     <span class='ocr_line' id='line_1_19' title="bbox 38 3951 939 4036; baseline 0.017 -37"><span class='ocrx_word' id='word_1_108' title='bbox 38 3957 87 4005; x_wconf 80' lang='lat' dir='ltr'>uuu</span> <span class='ocrx_word' id='word_1_109' title='bbox 105 3953 203 4016; x_wconf 82' lang='lat' dir='ltr'>tomen</span> <span class='ocrx_word' id='word_1_110' title='bbox 224 3951 275 4018; x_wconf 88' lang='lat' dir='ltr'>his</span> <span class='ocrx_word' id='word_1_111' title='bbox 297 3959 406 4036; x_wconf 85' lang='lat' dir='ltr'>posset</span> <span class='ocrx_word' id='word_1_112' title='bbox 428 3951 496 4016; x_wconf 84' lang='lat' dir='ltr'>sine</span> <span class='ocrx_word' id='word_1_113' title='bbox 519 3951 615 4016; x_wconf 85' lang='lat' dir='ltr'>rebus</span> <span class='ocrx_word' id='word_1_114' title='bbox 636 3951 701 4016; x_wconf 86' lang='lat' dir='ltr'>vila</span> <span class='ocrx_word' id='word_1_115' title='bbox 722 3969 873 4034; x_wconf 67' lang='lat' dir='ltr'>mouere,</span> <span class='ocrx_word' id='word_1_116' title='bbox 927 3959 939 3980; x_wconf 90' lang='lat'><strong>·</strong></span> 
     </span>
     <span class='ocr_line' id='line_1_20' title="bbox 39 4057 862 4148; baseline 0.011 -29"><span class='ocrx_word' id='word_1_117' title='bbox 39 4061 60 4114; x_wconf 88' lang='lat' dir='ltr'>u</span> <span class='ocrx_word' id='word_1_118' title='bbox 75 4057 147 4126; x_wconf 81' lang='lat' dir='ltr'>lamo</span> <span class='ocrx_word' id='word_1_119' title='bbox 166 4071 211 4130; x_wconf 84' lang='lat' dir='ltr'>est</span> <span class='ocrx_word' id='word_1_120' title='bbox 234 4066 362 4148; x_wconf 81' lang='lat' dir='ltr'>sliquos</span> <span class='ocrx_word' id='word_1_121' title='bbox 386 4065 482 4131; x_wconf 86' lang='lat' dir='ltr'>etiarn</span> <span class='ocrx_word' id='word_1_122' title='bbox 506 4085 588 4129; x_wconf 89' lang='lat' dir='ltr'>nuno</span> <span class='ocrx_word' id='word_1_123' title='bbox 610 4065 715 4130; x_wconf 87' lang='lat' dir='ltr'>vivere</span> <span class='ocrx_word' id='word_1_124' title='bbox 738 4064 862 4147; x_wconf 84' lang='lat' dir='ltr'>gentis:</span> 
     </span>
    </p>

    <p class='ocr_par' dir='ltr' id='par_1_12' title="bbox 38 4167 823 4264">
     <span class='ocr_line' id='line_1_21' title="bbox 38 4167 823 4264; baseline 0.01 -29"><span class='ocrx_word' id='word_1_125' title='bbox 38 4171 60 4224; x_wconf 68' lang='lat' dir='ltr'>ll</span> <span class='ocrx_word' id='word_1_126' title='bbox 76 4167 144 4240; x_wconf 81' lang='lat' dir='ltr'>boue</span> <span class='ocrx_word' id='word_1_127' title='bbox 165 4197 226 4243; x_wconf 90' lang='lat' dir='ltr'>uon</span> <span class='ocrx_word' id='word_1_128' title='bbox 248 4187 376 4264; x_wconf 83' lang='lat' dir='ltr'>poterat</span> <span class='ocrx_word' id='word_1_129' title='bbox 397 4180 465 4245; x_wconf 87' lang='lat' dir='ltr'>sine</span> <span class='ocrx_word' id='word_1_130' title='bbox 488 4199 566 4263; x_wconf 88' lang='lat' dir='ltr'>puro</span> <span class='ocrx_word' id='word_1_131' title='bbox 590 4185 716 4264; x_wconf 85' lang='lat' dir='ltr'>pectore</span> <span class='ocrx_word' id='word_1_132' title='bbox 738 4179 823 4258; x_wconf 87' lang='lat' dir='ltr'>vivi;</span> 
     </span>
    </p>
   </div>
   <div class='ocr_carea' id='block_1_4' title="bbox 41 4317 206 4343">
    <p class='ocr_par' dir='ltr' id='par_1_13' title="bbox 41 4317 206 4343">
     <span class='ocr_line' id='line_1_22' title="bbox 41 4317 206 4343; baseline 0.006 -1"><span class='ocrx_word' id='word_1_133' title='bbox 41 4317 206 4343; x_wconf 38' lang='grc' dir='ltr'><strong>...ᾖξ’-*-</strong></span> 
     </span>
    </p>
   </div>
   <div class='ocr_carea' id='block_1_5' title="bbox 1088 3772 1112 3828">
    <p class='ocr_par' dir='ltr' id='par_1_14' title="bbox 1088 3772 1112 3828">
     <span class='ocr_line' id='line_1_23' title="bbox 1088 3772 1112 3828; baseline 0 0"><span class='ocrx_word' id='word_1_134' title='bbox 1088 3772 1112 3828; x_wconf 55' lang='grc' dir='ltr'><strong><em>ἢ</em></strong></span> 
     </span>
    </p>
   </div>
   <div class='ocr_carea' id='block_1_6' title="bbox 42 4406 875 4494">
    <p class='ocr_par' dir='ltr' id='par_1_15' title="bbox 42 4406 875 4494">
     <span class='ocr_line' id='line_1_24' title="bbox 42 4406 875 4494; baseline 0.011 -31"><span class='ocrx_word' id='word_1_135' title='bbox 42 4406 181 4470; x_wconf 71' lang='lat' dir='ltr'>louisouiu</span> <span class='ocrx_word' id='word_1_136' title='bbox 198 4429 272 4487; x_wconf 80' lang='lat' dir='ltr'>etque</span> <span class='ocrx_word' id='word_1_137' title='bbox 291 4419 305 4494; x_wconf 81' lang='grc' dir='ltr'>ΙΙ</span> <span class='ocrx_word' id='word_1_138' title='bbox 326 4423 341 4474; x_wconf 81' lang='grc'>5</span> <span class='ocrx_word' id='word_1_139' title='bbox 361 4423 475 4488; x_wconf 81' lang='lat' dir='ltr'>quoesltu</span> <span class='ocrx_word' id='word_1_140' title='bbox 495 4423 508 4492; x_wconf 72' lang='lat' dir='ltr'>ll</span> <span class='ocrx_word' id='word_1_141' title='bbox 531 4425 562 4474; x_wconf 78' lang='lat'>12</span> <span class='ocrx_word' id='word_1_142' title='bbox 582 4421 697 4473; x_wconf 78' lang='lat' dir='ltr'>uocauit.</span> <span class='ocrx_word' id='word_1_143' title='bbox 719 4419 732 4490; x_wconf 89' lang='grc' dir='ltr'>ΙΙ</span> <span class='ocrx_word' id='word_1_144' title='bbox 755 4423 785 4471; x_wconf 83' lang='grc'>14</span> <span class='ocrx_word' id='word_1_145' title='bbox 805 4437 875 4486; x_wconf 74' lang='lat' dir='ltr'>geres</span> 
     </span>
    </p>
   </div>
   <div class='ocr_carea' id='block_1_7' title="bbox 0 0 1524 5146">
    <p class='ocr_par' dir='ltr' id='par_1_16' title="bbox 0 0 1524 5146">
     <span class='ocr_line' id='line_1_25' title="bbox 0 0 1524 5146; baseline 0 0"><span class='ocrx_word' id='word_1_146' title='bbox 0 0 1524 5146; x_wconf 95' lang='lat' dir='ltr'> </span> 
     </span>
    </p>
   </div>
  </div>
 </body>
</html>
