3020 5146
537 459 586 526 111

28 653 76 699 nee
94 631 179 700 refert
200 640 302 698 utrum
323 638 438 718 pereat
459 629 605 716 dispersa
627 651 685 716 per
707 649 805 696 eures

30 770 63 813 en
82 755 231 815 eununetu
254 748 320 814 suis
343 767 361 813 e
383 747 526 831 pertibus
549 747 773 830 obmutescet,
985 833 988 839 Ι

29 863 134 945 quando
154 863 312 930 huminem
333 869 434 928 totum
457 861 561 944 magis
583 881 623 927 ee
644 862 749 944 inagis
771 860 912 943 undique
933 879 1049 926 sensus

30 979 114 1042 definit
132 985 162 1044 et
182 980 266 1044 vitae
288 977 395 1042 minus
417 982 449 1042 et
471 977 576 1040 rninus
598 977 740 1058 undique
762 981 880 1040 restat.

59 1093 91 1156 ut
109 1094 251 1176 quoniam
274 1112 364 1158 urens
387 1097 435 1157 est
458 1091 594 1156 heminis
616 1111 692 1176 pars
714 1111 797 1169 une,
813 1091 885 1156 loeo
908 1109 992 1172 quae

29 1206 79 1270 fixe
97 1216 191 1272 manet
212 1215 318 1290 nerto,
334 1207 387 1272 vel
409 1212 444 1269 ut
465 1225 560 1272 aures
583 1212 680 1288 etque
697 1204 785 1274 ,oeuli
809 1212 883 1270 sunt

29 1329 105 1402 etque
124 1323 175 1396 alii
196 1341 311 1388 sensus
333 1322 387 1403 qui
410 1321 508 1386 vitem
530 1339 666 1402 eumque
688 1321 888 1402 gubernant,

29 1441 54 1498 et
71 1437 113 1501 rei
132 1438 173 1502 uti
194 1457 309 1502 manus
331 1442 388 1500 aut
408 1437 520 1502 eeulus
542 1453 677 1501 naresve
700 1454 844 1500 seersum

28 1558 128 1615 secretu
147 1553 186 1616 ab
207 1551 302 1616 nobis
323 1557 485 1636 nequeunt
507 1550 625 1616 sentire
647 1567 752 1632 neque
773 1567 865 1631 esse,
1054 1581 1073 1618 e

27 1664 72 1726 sed
89 1671 183 1731 temen
203 1667 237 1730 in
259 1687 362 1751 parve
385 1668 544 1732 lincuntur
565 1673 707 1749 ternpore
728 1663 815 1747 tabi,
882 1729 885 1736 ,

27 1777 62 1840 sie
79 1779 190 1846 enimus
211 1801 270 1866 per
292 1801 329 1846 se
351 1803 416 1847 nen
439 1781 506 1864 quit
527 1779 598 1846 sine
621 1797 754 1862 eurpore
777 1783 809 1842 et
830 1777 901 1860 ipsu
927 1809 932 1818 ·

29 1881 82 1956 es'se
101 1894 239 1978 humine,
256 1896 346 1961 iliius
370 1897 462 1978 quasi
486 1895 573 1978 qued
595 1915 653 1960 ves
676 1913 747 1960 esse
774 1893 916 1974 videtur,

29 2004 79 2072 siue
98 2009 177 2075 eliud
200 2011 279 2092 quid
300 2011 350 2076 vis
371 2011 478 2094 potius
502 2009 699 2076 coniunctius
722 2008 751 2072 ei

29 2119 141 2205 fingere,
156 2125 416 2207 quandoquidem
440 2145 565 2192 uonexu
587 2143 703 2208 eorpus
726 2121 881 2187 adhaeret

34 2232 157 2322 denique,
174 2241 320 2325 eorporis
342 2246 440 2322 utque
463 2240 561 2304 animi
583 2240 690 2304 vivete
713 2243 857 2323 potestus

33 2347 136 2418 interne
157 2355 329 2422 euniunetu
350 2356 458 2420 valent
479 2355 609 2436 viteque
631 2354 798 2418 fruuntur:

32 2481 73 2528 nee
90 2467 149 2534 sine
171 2489 308 2554 corpore
330 2470 415 2536 enim
436 2469 543 2534 vitalis
565 2467 662 2534 edere
684 2474 790 2532 motus

29 2579 82 2642 sele
97 2589 193 2666 potest
214 2583 316 2648 animi
338 2603 455 2668 perse
478 2590 594 2648 natura
616 2601 676 2649 nee
700 2587 806 2648 autem

28 2711 127 2760 ussum
147 2699 257 2764 enimn
282 2717 397 2782 eorpus
420 2695 536 2763 durare
558 2704 590 2763 et
612 2698 761 2763 sensibus
784 2695 849 2760 uti.

27 2807 142 2890 seilicet,
157 2815 291 2879 evolsus
313 2811 475 2878 redieibus
497 2819 531 2876 ut
553 2813 663 2894 nequit
685 2813 783 2876 uliam

26 2919 156 3004 dispieere
176 2929 245 3013 ipse
270 2928 381 2993 oculus
403 2945 472 2992 rem
494 2947 638 2993 seorsum
661 2945 795 3009 eernere
816 2931 903 3007 tote,

27 3035 60 3098 sie
78 3042 176 3107 suisne
198 3051 298 3124 atque
320 3043 444 3108 animus
467 3061 525 3127 per
547 3062 583 3108 se
606 3042 651 3106 nil
673 3059 770 3126 posse
792 3039 936 3104 videtur.

26 3149 48 3210 ui
67 3153 187 3234 uuum,
203 3156 283 3238 quie
305 3176 364 3241 per
384 3175 486 3222 venas
510 3162 543 3222 et
558 3156 689 3221 ¹uiscera
711 3154 853 3237 rnixtim,

26 3281 68 3342 per
85 3287 191 3338 nervus
213 3279 313 3353 euque
336 3289 433 3354 ossa,
449 3277 596 3336 tenentur
618 3289 752 3354 corpure
776 3269 818 3334 ab
841 3267 925 3332 enini

26 3393 70 3442 nee
88 3385 205 3466 magnis
229 3385 408 3450 intervallis
431 3385 607 3472 primordie
629 3392 764 3468 possunt

14 3487 106 3566 dibere
127 3497 316 3584 dissultare,
333 3501 406 3565 ideu
430 3501 581 3564 eunetusu
604 3507 770 3564 moventur
882 3531 914 3584 0

27 3607 174 3679 sensiferos
195 3621 320 3698 motus,
338 3635 418 3696 quus
440 3621 531 3679 extre
553 3635 669 3698 eorpus
692 3614 725 3678 in
748 3631 845 3677 eures

27 3719 93 3786 uris
113 3723 188 3791 haut
209 3735 344 3812 possunt
366 3735 593 3812 postmortem
616 3731 718 3799 eiecta
740 3727 861 3792 rnoveri

27 3843 172 3916 prepterea
193 3843 272 3925 quie
294 3863 358 3908 nun
380 3843 475 3908 simili
497 3843 620 3908 ratione
642 3849 812 3910 tenentur:

27 3961 120 4031 eorpus
142 3956 225 4020 enim
250 3964 348 4038 atque
370 3957 518 4022 animans
540 3958 600 4022 erit
622 3962 697 4032 eeu,
714 3957 740 4021 si
754 3955 913 4048 ‘cohibere

79 4131 203 4145 '’Q—-

29 4246 66 4294 5⁴4
84 4253 186 4318 disperse
216 4257 229 4328 ΙΙ
259 4261 310 4310 545
330 4259 490 4308 obrutuseut.
516 4255 530 4324 ΙΙ
561 4259 608 4306 661
629 4265 704 4318 utque
729 4255 742 4322 ΙΙ
768 4259 818 4306 666
838 4257 969 4321 linguntur
994 4254 1006 4322 ΙΙ
1031 4256 1093 4305 tuli.
1115 4251 1128 4321 ΙΙ

29 4333 207 4394 itidentidem
227 4345 241 4412 ΙΙ
261 4361 331 4396 rme
355 4349 367 4410 ii
394 4351 444 4396 664
465 4346 553 4396 oculus
573 4347 625 4409 ipse
650 4343 664 4414 Η
687 4347 737 4393 666
757 4362 802 4408 per
820 4347 960 4398 omissum.
984 4345 995 4410 ii
1021 4345 1094 4394 mixti
1115 4343 1128 4410 Η

31 4422 68 4469 uu
88 4441 197 4481 movere.
218 4429 232 4502 ΙΙ
252 4436 303 4482 573
323 4435 434 4484 arriursur
453 4434 512 4483 serit

907 4533 924 4600 7
