2996 5148
357 434 420 500 236
898 435 944 499 VI

396 599 489 676 Quod
513 620 609 684 super
632 609 700 687 est,
717 623 812 691 agere
834 605 986 690 incipiam
1010 629 1074 690 quc
1097 607 1227 676 taedere
1249 610 1303 676 tiat

359 722 512 792 naturae,
530 716 614 802 lapis
636 716 688 784 hic
711 727 745 784 ut
766 717 887 786 ferrum
910 721 1026 788 ducere
1048 726 1170 807 possit,

357 850 449 915 quem
472 833 624 913 Magneta
646 839 761 898 vocant
782 835 887 918 patrio
910 835 952 901 de
975 839 1103 904 nominc
1127 839 1225 918 Grai,

356 947 539 1030 Magnetum
563 948 638 1030 quia
659 947 694 1012 fit
716 950 829 1033 patriis
851 949 883 1014 in
907 951 1023 1018 finibus
1047 961 1138 1020 crtu.

280 1080 331 1128 arc
356 1059 440 1125 huuc
463 1061 608 1128 homines
630 1063 770 1148 lapidem
795 1065 969 1130 mirantur:
988 1067 1105 1154 qnippe
1129 1073 1276 1134 catenam

356 1195 457 1259 saepe
481 1195 519 1240 ex
543 1178 657 1243 anellis
680 1179 785 1244 reddit
807 1152 1086 1265 pendentibus'ex
1111 1204 1165 1248 se.

354 1291 495 1373 quinque
517 1293 635 1356 etenim
657 1293 732 1360 licet
754 1295 837 1360 inter
859 1296 933 1362 dum
956 1297 1129 1382 pluresque
1150 1299 1263 1366 sidere

356 1405 468 1492 crdiqe
492 1407 650 1474 demissos
673 1410 798 1476 levibus
821 1411 968 1480 iactarier
990 1415 1098 1500 auris,

354 1539 436 1586 nnus
459 1521 513 1585 ubi
536 1542 576 1586 ex
599 1545 662 1589 unc
683 1525 843 1610 dependet
866 1535 976 1612 supter
999 1529 1200 1614 adhaerens,

280 1653 330 1700 ars
356 1654 393 1698 ex
418 1636 546 1718 alioque
569 1637 653 1704 alins
675 1640 792 1725 lapidis
814 1643 877 1706 vim
901 1642 1071 1725 vinclaque
1094 1645 1215 1710 noscit:

354 1770 455 1833 usqne
478 1751 558 1818 adeo
581 1763 809 1838 permananter
832 1758 879 1822 ris
902 1759 1046 1840 pervolat
1064 1760 1156 1832 eius.

393 1867 461 1931 Hoc
482 1887 584 1951 genus
607 1869 638 1934 in
662 1871 758 1936 rebus
780 1872 1000 1937 firmandumst
1020 1873 1121 1938 multa
1143 1873 1231 1959 prius
1253 1896 1352 1956 quarn

353 1979 454 2065 ipsius
477 1983 525 2048 rei
548 1968 705 2050 rationem
727 1986 864 2052 reddere
886 1989 1011 2072 possis,

352 2103 384 2159 ct
406 2097 536 2162 nimium
559 2099 665 2182 longis
687 2101 881 2184 ambagibus
904 2109 954 2168 est
975 2103 1180 2188 adeundum

279 2228 329 2274 sac
355 2229 417 2292 quo
443 2213 544 2294 magis
566 2220 704 2280 attentas
726 2217 814 2282 auris
837 2217 1042 2300 animumque
1065 2239 1218 2305 reposco.

391 2327 552 2413 Principio
577 2331 725 2398 omnibus
747 2331 789 2396 ab
814 2332 930 2409 rebus,
947 2353 1028 2416 quas
1050 2355 1186 2417 cumque
1208 2335 1376 2420 videmus,

352 2451 506 2528 perpetuo
529 2445 628 2512 fluere
650 2465 688 2510 ac
711 2445 789 2511 mitti
813 2447 985 2532 spargique
1008 2457 1171 2516 necessest

353 2577 487 2642 corpora
511 2581 595 2643 quae
620 2561 737 2628 feriant
758 2562 868 2628 oculos
891 2563 1057 2648 risumque
1080 2566 1265 2632 lacessant:

353 2681 574 2760 perpetuoque
596 2677 699 2744 fluunt
720 2679 816 2743 certis
839 2679 881 2743 ab
903 2680 998 2746 rebus
1021 2680 1156 2765 odores3

278 2811 327 2858 999
352 2791 455 2877 frigus
479 2799 512 2855 ut
534 2813 555 2858 a
576 2793 702 2870 fluviis,
719 2793 807 2859 calor
829 2795 870 2858 ab
892 2795 981 2880 sole,
998 2802 1107 2862 aestus
1130 2797 1172 2861 ab
1195 2797 1294 2862 undis

353 2909 522 2992 aequoris,
540 2929 654 2976 exesor
677 2927 875 2991 moerorum,
892 2907 986 2974 litora
1007 2918 1156 2995 propter:

351 3046 411 3092 uec
433 3025 513 3090 varii
538 3033 664 3092 cessant
686 3026 809 3092 sonitus
833 3044 963 3090 manare
985 3045 1044 3109 per
1066 3047 1182 3092 auras:

350 3140 490 3224 denique
511 3143 544 3206 in
568 3163 604 3208 ns
627 3141 706 3208 salsi
728 3141 815 3206 venit
837 3160 928 3205 umor
951 3159 1049 3225 saepe
1073 3141 1218 3225 saporis,

351 3277 420 3321 cum
444 3277 534 3324 mare
557 3277 723 3323 versamur
745 3261 895 3341 propter,
913 3253 1077 3338 dilutaque
1100 3263 1211 3322 contra

275 3391 326 3438 aas
350 3377 415 3436 turn
438 3373 554 3436 tuimur
577 3372 701 3438 misceri
722 3369 902 3447 absinthia,
918 3370 1022 3455 tangit
1043 3391 1191 3437 amaror.

351 3505 452 3569 nsque
475 3486 557 3553 adeo
582 3487 728 3552 omnibns
751 3485 792 3549 ab
814 3483 910 3550 rebus
932 3505 984 3550 res
1007 3505 1154 3569 quaeque
1175 3485 1315 3552 fluenter

275 3621 326 3668 990
351 3599 450 3664 fertur
472 3607 504 3665 et
525 3603 558 3666 in
582 3607 710 3668 cunctus
734 3599 900 3666 dimittitur
922 3599 1063 3682 undique
1082 3601 1205 3685 partis.

349 3735 409 3780 nec
431 3735 523 3779 mora
546 3735 604 3780 nee
629 3716 756 3796 requies
778 3715 860 3779 inter
882 3714 976 3779 datur
999 3715 1065 3780 ulia
1086 3715 1225 3799 fluendi,

351 3836 506 3916 perpetuo
531 3830 680 3913 quoniam
705 3829 858 3895 sentimus
881 3836 913 3894 et
935 3829 1042 3894 omnia
1064 3849 1210 3914 semper.

349 4036 549 4046 μ--ϋιι

352 4173 400 4219 907
421 4168 484 4232 lapsi
509 4164 523 4234 ΙΙ
548 4167 598 4216 908
618 4165 701 4228 Quam
726 4161 740 4231 ΙΙ
765 4167 815 4214 909
835 4172 920 4213 ortus.
943 4161 956 4232 ΙΙ
977 4167 1026 4213 912
1046 4165 1097 4226 Qui
1116 4179 1198 4226 neque
1222 4160 1236 4230 ΙΙ
1260 4165 1313 4212 913
1333 4163 1436 4214 demisso

350 4259 459 4306 iactaret
477 4271 568 4304 auras.
591 4253 603 4318 ΙΙ
626 4257 675 4303 arn
695 4253 829 4316 sinciaqne
854 4249 937 4319 11919
957 4261 1116 4316 pcrmarratcr
1141 4257 1154 4317 Η
1178 4251 1289 4314 pervalet
1317 4249 1332 4318 Η
1356 4254 1464 4298 919990-

353 4343 489 4408 baginibns
509 4339 522 4410 Η
543 4343 592 4391 922
612 4341 666 4390 miti
687 4341 820 4405 spurcique
845 4337 857 4406 11
879 4343 928 4389 929
948 4355 1013 4403 aque
1033 4337 1048 4406 ΙΙ
1068 4343 1118 4388 925
1139 4339 1314 4387 amisissem.
1336 4338 1349 4402 Η
1369 4330 1464 4398 11091911

353 4449 369 4482 a
387 4433 440 4481 snle
462 4429 475 4497 Η
496 4433 547 4479 928
566 4439 625 4479 vent
646 4427 658 4496 ΙΙ
680 4431 726 4476 991
748 4429 832 4490 rcquis
852 4425 866 4495 Η
886 4429 1120 4486 scammuse.
