3020 5146
357 437 417 502 182
904 428 929 490 V

353 609 514 667 menstrua
537 600 611 664 duum
634 597 756 682 rigidas
779 597 852 663 coni
874 599 1049 682 perlabitur
1071 600 1223 682 umbras3

279 738 328 784 res
354 723 495 798 tempore
518 711 630 778 eodem
654 712 732 776 aliut
752 718 892 794 nequeat
913 731 1096 778 succurrere
1120 714 1219 779 lunae

356 849 470 913 corpus
492 827 543 890 vel
566 846 662 908 supra
684 825 762 890 solis
785 824 949 908 perlabier
972 827 1101 910 orbem,

355 940 442 1025 quod
465 940 571 1004 radios
593 939 675 1004 inter
698 945 822 1022 rumpat
843 937 1014 1020 lumenque
1037 940 1233 1023 profusum?

357 1063 389 1120 et
410 1061 518 1120 tamen
541 1055 611 1138 ipsa
639 1072 695 1118 suo
719 1054 746 1118 si
769 1052 865 1134 fulgit
888 1051 963 1116 luna
987 1053 1108 1126 nitore,

356 1191 411 1235 our
434 1173 570 1249 nequeat
593 1174 678 1232 certa
701 1166 811 1230 mundi
834 1167 1042 1248 languescere
1065 1175 1177 1252 parte,

284 1305 332 1350 vro
357 1283 431 1346 dnm
456 1281 527 1346 loca
551 1281 723 1346 luminibus
744 1280 882 1363 propriis
905 1280 1034 1345 inimica
1051 1302 1114 1364 ρει·
1135 1282 1230 1346 exit?

285 1417 333 1462 rra
401 1393 494 1471 Quod
517 1413 612 1478 super
635 1399 702 1475 est,
720 1393 873 1474 quonium
898 1395 1005 1478 magni
1029 1416 1087 1480 per
1108 1395 1239 1460 caerula
1264 1398 1377 1462 mundi

358 1527 422 1589 qua
444 1505 512 1570 fieri
536 1505 683 1588 quiequid
708 1487 818 1588 posset
840 1508 963 1572 ratione
987 1511 1125 1586 resolvi,

358 1621 436 1686 solis
459 1620 505 1683 uti
528 1619 635 1684 varios
658 1639 770 1684 cursus
793 1620 955 1704 lunaeque
978 1631 1103 1690 meatus

285 1757 334 1803 775
360 1754 492 1800 noscere
516 1753 683 1818 possemus
706 1753 787 1814 quae
810 1736 858 1800 vis
882 1743 915 1800 et
937 1757 1033 1802 causa
1056 1738 1173 1822 cieret,

361 1867 465 1932 quove
488 1847 583 1912 modo
606 1853 739 1930 possent
761 1849 875 1912 offecto
899 1850 1019 1916 lumine
1042 1853 1130 1916 obire

360 1973 392 2029 et
414 1981 517 2044 neque
541 1963 703 2052 opinantis
724 1963 866 2028 tenebris
888 1965 1048 2032 obducere
1071 1973 1194 2050 terras,

361 2099 432 2144 cum
456 2077 547 2158 quasi
571 2076 720 2142 conivent
742 2084 774 2141 et
796 2085 907 2162 aperto
931 2079 1050 2146 lumine
1074 2099 1198 2146 rursum

362 2192 468 2260 omnia
492 2193 659 2258 convisunt
680 2193 768 2258 olera
792 2194 864 2258 looa
886 2195 1025 2258 candida
1048 2195 1138 2278 luce,

288 2333 337 2380 rao
363 2328 447 2374 nunc
469 2307 564 2372 redeo
588 2307 630 2372 ad
655 2308 763 2372 mundi
787 2309 960 2372 novitatem
983 2315 1015 2374 et
1037 2309 1146 2374 mollia
1167 2315 1277 2377 terrae

361 2445 457 2506 arva,
474 2443 557 2488 novo
581 2421 648 2487 fetu
672 2423 748 2504 quid
772 2423 906 2506 primum
930 2423 963 2486 in
987 2423 1113 2488 luminis
1137 2443 1212 2488 oras

361 2539 472 2606 tollere
496 2544 527 2602 et
549 2537 677 2602 incertis
700 2535 815 2602 crerint
838 2537 1035 2602 committere
1058 2537 1182 2602 ventis.

401 2651 561 2737 Principio
584 2671 686 2735 genus
709 2650 877 2735 herbarum
902 2651 1099 2734 viridemque
1121 2652 1260 2718 nitorem

363 2777 450 2833 terra
473 2765 560 2831 dedit
583 2767 700 2831 circum
724 2766 815 2831 collis
838 2785 1034 2850 camposque
1057 2786 1113 2850 per
1136 2767 1266 2844 omnis,

290 2907 338 2952 res
363 2882 477 2948 florida
499 2881 653 2947 fulserunt
675 2880 825 2946 viridanti
849 2888 942 2964 prata
965 2881 1092 2965 colore,

363 2997 594 3080 arboribusque
617 2998 755 3062 datumst
778 2996 874 3060 variis
898 2995 1013 3061 exinde
1036 3017 1094 3080 per
1115 3017 1212 3062 auras

362 3113 527 3180 crescendi
550 3131 700 3193 magnum
724 3111 865 3176 inmissis
888 3118 1048 3177 certamen
1072 3111 1225 3178 habenis.

363 3235 398 3292 ut
418 3227 529 3312 pluma
551 3234 646 3308 atquc
669 3227 726 3310 pili
749 3227 882 3310 primum
906 3232 1080 3308 saetaeque
1102 3233 1253 3291 creentur

365 3341 598 3426 quadripedum
620 3341 771 3406 membris
795 3348 827 3406 et
848 3361 982 3426 corpore
1006 3341 1294 3425 pennipotentum,

290 3478 339 3524 roo
365 3456 411 3522 sic
434 3463 604 3520 novatum
627 3455 721 3520 tellus
743 3455 861 3522 herbas
883 3455 1082 3537 virgultaque
1105 3455 1240 3538 primum

364 3570 508 3651 sustulit,
524 3569 598 3634 inde
621 3570 683 3636 loci
707 3570 855 3634 mortalia
878 3570 985 3634 saecla
1007 3569 1126 3634 creavit

366 3683 463 3747 multa
484 3683 588 3748 modis
611 3684 718 3748 multis
740 3683 831 3749 varia
852 3685 975 3748 ratione
996 3691 1126 3749 coorta.

365 3818 440 3862 narn
463 3816 566 3878 neque
589 3797 629 3863 de
652 3799 742 3864 caelo
766 3798 921 3864 cecidisse
943 3798 1096 3864 animalia
1119 3805 1277 3884 possunt,

364 3931 425 3976 neo
447 3913 609 3977 terrestria
632 3911 672 3976 de
695 3913 790 3978 salsis
813 3911 917 3978 exisse
940 3912 1082 3978 lacunis:

292 4042 341 4088 ros
366 4023 516 4106 linquitur
539 4031 572 4090 ut
594 4025 708 4091 merito
732 4033 907 4092 maternum
929 4046 1046 4092 nomen
1069 4024 1188 4110 adepta

367 4197 416 4204 ι...-

370 4301 419 4347 764
438 4300 576 4363 perlabitur
596 4299 609 4366 ΙΙ
631 4305 681 4350 768
699 4303 781 4366 fulget
801 4301 813 4370 ΙΙ
836 4307 1000 4352 clides.
1022 4301 1035 4368 Η
1057 4306 1106 4352 776
1126 4313 1229 4369 possent
1243 4309 1389 4360 amiam.
1408 4305 1419 4373 Ιί
1436 4306 1468 4350 ῘἾ

283 4409 286 4416 ·
363 4377 482 4438 ’ΤοΙΙετεῑ
503 4384 516 4456 ΙΙ
537 4389 641 4438 creduut
661 4387 674 4458 ll
698 4393 746 4438 ibt
766 4407 918 4456 campusque
939 4387 951 4456 ll
975 4394 1023 4441 ῖ90
1043 4391 1198 4459 rilgultaque
