2996 5148
323 373 365 438 32
872 375 888 438 I

322 543 439 625 efficit,
456 543 514 609 sed
530 564 671 609 usurus
685 593 691 608 .
705 542 765 608 hoc
777 544 946 608 Marullum
962 563 1025 608 non
1042 543 1163 610 vidisse
1178 545 1293 626 miror,
1307 544 1409 608 Wake

321 646 436 711 fieldus
458 646 500 711 al)
523 648 626 712 amieo
650 646 712 712 sihi
735 647 877 711 oblatum
900 647 1037 730 sprevit:
1064 647 1242 731 norhiger,
1265 647 1344 730 quod
1365 646 1410 710 ah·

322 747 421 814 surda
442 755 507 814 tam
531 749 657 814 fortiter
679 766 879 831 concoquere
907 749 1030 832 possit,
1051 748 1179 814 laudari
1206 768 1242 814 se
1268 747 1410 833 postulat.

322 849 494 917 Oreeehius
516 851 634 935 probat
655 856 867 916 commentum
889 851 1006 933 Fabri¹
1023 871 1086 933 quo
1101 850 1185 936 ⁴iecit
1206 853 1325 917 mr'oom'
1341 873 1412 914 mua

321 977 410 1019 more
432 957 556 1035 cortus,
580 951 799 1018 contractione
822 950 896 1016 mihi
920 971 986 1016 nou
1009 960 1106 1018 nota.

407 1055 480 1121 281.
504 1056 555 1120 ns
572 1075 647 1119 cun
662 1075 800 1118 uoaurs
815 1075 917 1124 sous
933 1075 1078 1119 aaaron
1093 1077 1245 1119 uacuas
1261 1075 1413 1119 asssurs

323 1159 490 1222 Fsuurss
521 1179 756 1236 sessorum,
785 1177 885 1228 ouem
912 1177 1050 1220 ussors
1076 1179 1259 1222 russrsos
1285 1177 1414 1222 ruosr.

321 1263 419 1340 Quem
441 1259 668 1343 ‘exquisitioris
684 1260 874 1344 elegantiae’
891 1258 1259 1341 videturWakefieldo.
1275 1259 1414 1326 Marullus

321 1363 421 1450 qood.-
443 1363 501 1428 sed
524 1369 651 1448 poterat
673 1362 778 1428 lenius
800 1383 922 1433 euru.

406 1465 478 1530 286.
516 1486 698 1529 resersus
715 1464 800 1530 ..Sic
827 1465 1004 1548 oblongus:
1035 1465 1213 1550 quadratus
1235 1471 1268 1529 et
1290 1463 1415 1530 schedae

320 1569 431 1633 turbio.
455 1575 615 1632 corrector
630 1568 762 1651 oblongi
778 1588 981 1651 russrous,
1002 1569 1111 1650 itaque
1126 1567 1287 1632 Antonius
1302 1568 1415 1634 Floren-

320 1671 405 1736 tinus
428 1677 459 1734 et
480 1671 650 1754 impressi.

405 1773 477 1838 288.
522 1793 742 1843 vosvrrous
766 1793 833 1838 sus
856 1793 966 1838 unors
990 1773 1174 1838 (laesura
1199 1797 1318 1859 saxa,
1339 1793 1416 1838 surr

320 1897 394 1948 oua
417 1897 612 1947 ouroourn
635 1895 842 1939 rnuorraus
866 1896 1018 1941 ossrrr.
1057 1877 1248 1961 Quaprima
1268 1875 1417 1944 manusiu

319 1981 460 2062 oblongo
484 1978 609 2062 omisit,
633 1983 709 2062 puto
732 1979 809 2060 quia
830 1979 935 2044 minus
958 1981 1045 2044 clare
1060 1981 1214 2063 scriptum
1236 1988 1307 2046 erat
1327 1981 1357 2045 iu
1377 1997 1417 2042 ar-

319 2082 457 2167 chetypo
471 2131 477 2146 .
491 2087 560 2148 erat
575 2087 681 2146 autem
697 2079 900 2146 scribendum
914 2085 980 2148 ruit
991 2103 1011 2152 o
1021 2129 1027 2143 .
1038 2103 1102 2145 ιιι
1116 2081 1277 2169 quidquid
1279 2081 1418 2170 fluctio-r

319 2187 436 2251 obstat.
459 2182 661 2249 Wakefieldo
684 2189 716 2248 et
731 2183 901 2250 Germanis
923 2184 1143 2266 grammaticis
1166 2185 1246 2250 satis
1268 2183 1417 2271 proprium

319 2288 446 2354 videtur
461 2311 525 2373 qua
540 2288 708 2372 quicquam
717 2335 726 2368 ,
743 2285 830 2370 quod
844 2287 962 2352 habent
974 2286 1170 2370 Brixiensisq
1187 2288 1348 2371 Venetus,
1364 2285 1417 2350 Ma·

320 2391 440 2456 rullus.
1485 2415 1486 2460 r

404 2493 477 2558 291.
522 2490 832 2570 9111--291
857 2491 1101 2556 Conuiuium
1127 2512 1344 2564 aunrnuoua
1363 2511 1417 2554 ao·
1485 2461 1486 2547 1

321 2615 430 2658 nourr
452 2615 615 2658 runsrss
635 2616 825 2659 ronrsur.
849 2595 977 2661 Scilicet
999 2597 1086 2661 omiti
1096 2596 1237 2681 floruisse
1251 2615 1306 2661 res
1321 2611 1418 2660 omnes

319 2699 496 2784 corripiant
510 2697 682 2785 rapidique
694 2709 839 2784 portarat:
855 2703 887 2762 el
902 2705 1010 2764 lamen
1032 2697 1114 2764 haec
1129 2696 1334 2764 Wakefieldo
1355 2715 1418 2761 oon·

320 2799 415 2866 cinna
429 2805 461 2864 et
476 2801 592 2866 suavia
607 2799 779 2866 videntur.
795 2798 950 2865 Marullus
965 2819 1037 2864 oum
1053 2817 1118 2864 non
1130 2801 1210 2866 satis
1220 2799 1417 2878 ostendisset,

320 2903 396 2968 fecit
416 2902 592 2989 rapidoque
614 2917 773 2968 rotantes:
801 2902 876 2967 inde
899 2902 1073 2968 Lambinus
1096 2903 1232 2987 primunr
1256 2901 1418 2990 raptimque
1484 2985 1485 2992 ἵ

318 3008 475 3088 rotoao'a,
505 3013 619 3089 postea
645 3005 821 3092 rapidoque
847 3009 983 3071 rotanti.
1007 3005 1184 3090 quadratus
1207 3006 1315 3090 prima
1334 3019 1418 3068 manu
1484 2997 1485 3071 l

318 3109 505 3195 rapidisque
517 3156 524 3172 .
537 3107 738 3192 aptissimum
751 3115 799 3173 est
810 3127 1014 3195 aternoque
1025 3109 1146 3173 rotanti
1152 3109 1416 3196 turbiueportoot.

321 3231 404 3294 quae
431 3211 541 3276 media
568 3217 643 3276 sunt
669 3212 752 3276 iuter
774 3209 833 3276 hos
856 3229 988 3295 versus,
1020 3229 1130 3276 eorum
1152 3217 1278 3296 partem
1300 3205 1418 3295 protulit

319 3314 510 3378 scholiastes
525 3313 618 3378 Statii
634 3312 677 3379 ad
692 3311 879 3379 Thebaidos
895 3333 941 3374 vu
953 3361 960 3396 ‚
973 3313 1036 3378 585
1054 3361 1062 3378 .
1082 3332 1177 3378 omne
1193 3312 1290 3380 huius
1305 3312 1363 3378 loci
1376 3327 1417 3373 ar·

319 3423 511 3498 gumentum¹
529 3417 659 3482 Servius
682 3415 805 3482 iudicat
826 3413 869 3480 ad
891 3415 1066 3498 georgicon
1081 3435 1135 3498 ιι,
1151 3415 1235 3482 219.

405 3517 478 3583 304.
515 3521 696 3583 Tenesne
719 3539 811 3581 narn
833 3538 879 3580 nr
903 3539 1040 3581 rauo1.
1074 3517 1144 3582 Hoc
1166 3537 1264 3584 versu
1285 3518 1418 3584 usisunl
1483 3539 1484 3595 ι

321 3618 445 3684 Seneca
474 3620 508 3684 in
532 3623 671 3706 epistula
696 3622 776 3704 106,
808 3619 931 3686 Gellius
955 3620 1133 3685 Atticarum
1156 3623 1297 3688 noctium
1312 3643 1351 3698 v,
1366 3615 1416 3694 11,

318 3721 536 3787 Tertullianus
548 3722 589 3789 de
601 3724 757 3804 animab,
774 3722 899 3788 Nonius
912 3743 944 3806 p.
956 3722 1020 3788 408
1033 3771 1041 3806 ,
1055 3722 1096 3786 21
1112 3772 1119 3786 .
1136 3721 1248 3789 horum
1264 3743 1344 3790 uuus
1355 3717 1417 3786 Gsl

319 3825 382 3891 lius
407 3825 537 3910 scripsit
558 3839 614 3890 cot
634 3828 726 3911 teupi
733 3875 742 3908 ,
765 3824 824 3890 sed
848 3843 919 3889 cum
934 3825 1032 3908 paulo
1048 3830 1124 3890 ente
1139 3827 1268 3892 Graeca
1283 3827 1360 3892 haec
1373 3839 1416 3887 ex·

319 3927 495 4012 hibuisset,
525 3927 564 3994 τό
587 3929 755 4015 δρώμενον
777 3920 798 4014 ἢ
821 3922 950 4009 πάσχον
973 3921 1070 4008 σῶμά
1092 3925 1183 3994 ἐστιν
1200 3977 1208 3994 .
1228 3947 1329 4012 quare
1349 3919 1417 3989 nihil
1482 3963 1483 3990 ;

320 4037 389 4096 erat
418 4049 474 4095 cur
498 4031 528 4094 ei
550 4030 704 4095 maiorem
727 4049 823 4113 quam
847 4031 962 4096 ceteris
984 4029 1078 4096 fidem
1104 4031 1237 4097 haberet
1258 4025 1416 4095 Wakefiel-

320 4133 402 4199 dus.
419 4152 531 4198 versus
554 4132 717 4217 proximos
741 4131 838 4199 habet
853 4133 977 4198 Nonius
993 4153 1025 4217 p.
1040 4133 1120 4218 llo,
1137 4134 1177 4218 6,
1200 4133 1254 4198 uhi
1278 4131 1416 4214 seriptum

320 4242 369 4301 est
391 4236 515 4301 eaedem
536 4235 686 4301 camari
704 4235 768 4300 sole
779 4260 790 4318 ‚-
818 4235 905 4318 quod
934 4233 1072 4301 tortasse
1099 4236 1208 4302 verius
1233 4243 1283 4300 est
1304 4233 1415 4298 altero.

321 4338 397 4404 vids
419 4357 503 4422 quae
525 4337 598 4403 dico
621 4337 736 4416 adm,
753 4337 816 4403 988
838 4345 870 4403 et
895 4337 937 4404 sd
954 4359 1006 4420 vr,
1026 4339 1107 4404 126.

405 4441 478 4506 313.
512 4439 719 4505 Snrurcrorr
742 4461 857 4505 casus
880 4431 1049 4504 nsnronu
1071 4439 1354 4522 cavsr.Regula
1373 4437 1415 4499 esl

319 4551 394 4631 post
408 4545 539 4628 longam
555 4543 700 4610 vocalem
716 4543 874 4609 eduahus
887 4544 1046 4608 lalteram
1061 4541 1215 4628 subtrahi,
1230 4543 1257 4607 si
1273 4543 1415 4624 sequatur
1481 4547 1482 4641 p
