3036 5150
308 351 352 420 54
856 350 873 415 1

310 521 491 607 elegantius
517 519 639 588 iudieat
668 539 763 606 quam
788 520 876 606 quod
898 521 1027 605 seripsit
1048 520 1143 587 homo
1164 541 1262 588 sanus
1282 541 1320 588 ae
1339 523 1405 587 sim·

309 627 387 714 plex
402 624 578 708 Marullus,
602 623 691 690 baud
703 623 769 690 ullo
783 644 903 688 ruore
917 671 925 690 .
940 623 987 689 itu
1002 623 1209 691 membranae
1223 625 1256 690 iu
1269 645 1312 708 11,
1333 625 1406 692 tto.

397 729 471 795 805.
487 728 539 792 Eu
553 748 629 790 ursr
644 747 860 790 nsueesrss
871 747 1058 791 ruuuunnr
1074 747 1245 792 rnueonn
1260 748 1407 810 rausro,

312 833 503 898 Iusnrnus
518 851 561 894 ar
576 851 673 894 nsua
688 849 891 894 nrunonuu
906 849 1078 894 sanuses
1092 831 1409 897 vscrunnumsson·

184 957 187 966 '
312 956 386 1007 QUE
402 954 470 998 EUA
485 953 555 997 PRO
570 953 693 997 PARTE
710 952 831 996 FOVET
846 953 1080 1004 natumnatum
1095 953 1291 998 ostoun.
1308 933 1411 999 ORES-

313 1056 407 1101 osan
429 1055 500 1100 unu
521 1055 682 1100 roesrur
697 1055 843 1100 sununs
858 1056 1028 1100 sennenn
1043 1056 1267 1100 surusurrs.
1283 1035 1410 1102 Priseiu·

312 1158 374 1204 nus
396 1160 428 1224 p.
445 1139 527 1220 768,
557 1137 611 1204 ubi
639 1137 680 1204 de
707 1139 776 1203 tube
797 1137 940 1204 ablativo
964 1139 1053 1222 agit,
1085 1137 1198 1204 horum
1222 1145 1346 1224 partem
1371 1139 1414 1202 ita

316 1241 468 1326 seriptum
479 1239 621 1322 exhibet,
637 1240 796 1306 Imbribus
808 1253 843 1305 ut
853 1242 921 1308 tabe
932 1242 1108 1306 nimborum
1119 1243 1250 1307 arbusto
1260 1241 1413 1307 vacilleut.

316 1343 449 1427 regulae
471 1341 682 1428 prosodiaeae
705 1361 786 1426 quus
809 1341 912 1408 edidit
930 1342 1082 1410 Berthius
1104 1345 1139 1408 in
1162 1343 1414 1410 adversariomm
1504 1401 1505 1406 ,

315 1465 425 1528 xxxvi,
444 1445 483 1510 13
498 1465 530 1530 p.
550 1445 630 1512 1691
653 1445 791 1510 Vecillut
811 1446 902 1512 breue
924 1457 968 1512 eat
989 1445 1079 1532 opud
1099 1447 1283 1512 Lucretium
1301 1487 1351 1531 ,Η
1368 1467 1415 1508 ar·
1504 1449 1505 1504 l

316 1549 408 1613 buuta
429 1547 602 1612 vacillant.
619 1547 797 1613 orationem
820 1547 1063 1633 iuoompositnm
1086 1555 1118 1613 et
1140 1548 1331 1614 dissolutam
1352 1565 1416 1612 eum

316 1649 601 1716 animadvertisset
617 1649 791 1734 Marullus,
808 1651 936 1736 scripsit
947 1650 1092 1717 Orescem
1106 1653 1158 1716 uti
1166 1653 1309 1738 possim.
1325 1649 1416 1714 multo
1504 1659 1505 1740 l

316 1754 421 1819 minus
437 1750 612 1839 prudenter
627 1751 803 1818 Lambinus
818 1754 991 1836 vacillum,
1012 1759 1048 1818 ut
1062 1753 1332 1836 ooniungerentnr
1346 1752 1417 1816 haee

317 1869 346 1922 et
372 1857 399 1922 si
428 1856 496 1920 tube
517 1855 694 1920 nimborum
716 1856 847 1920 arbusto
868 1856 1042 1939 uueillout5
1064 1875 1127 1939 quo
1150 1855 1185 1922 fit
1205 1862 1241 1921 ut
1262 1857 1295 1920 iu
1320 1852 1418 1920 eondi-
1504 1829 1505 1888 i

318 1960 410 2025 oioue
442 1961 581 2042 ponetur
607 1955 763 2022 effeetus.
784 1959 897 2022 neuter
929 1957 1089 2024 intellexit
1115 1957 1156 2023 de
1183 1957 1261 2024 solis
1288 1957 1419 2024 arbueu‘s

318 2062 455 2148 primum
485 2059 594 2144 inepte
622 2059 709 2125 dieta
736 2077 808 2124 esse
837 2078 922 2146 quae
949 2058 1068 2125 deinde
1094 2061 1137 2126 ad
1160 2061 1275 2149 frupes
1297 2061 1419 2126 urbemn

319 2163 491 2228 animantis
507 2160 724 2227 reserrentur.
740 2161 849 2245 itaque
864 2182 906 2227 ne
920 2163 1011 2228 illum
1032 2163 1137 2248 ipsum
1152 2183 1308 2246 uersum,
1333 2179 1419 2246 quem
1504 2239 1505 2262 Χ

319 2263 522 2331 aPriseiano
537 2265 652 2330 leetum
676 2264 815 2348 seimus,
839 2283 991 2347 negamur
1013 2265 1142 2351 delere,
1166 2265 1350 2332 traiciamus
1370 2283 1419 2349 po

318 2367 381 2432 tius
410 2372 442 2432 et
470 2365 675 2432 emendemus
703 2366 763 2432 hoo
790 2366 965 2433 modo.Et
990 2371 1059 2434 nebu·
1077 2381 1242 2455 tempestae
1263 2367 1418 2454 induique,

318 2485 453 2557 tempore
463 2469 593 2555 fauete,
609 2469 725 2556 Solque
739 2493 799 2536 eoo
807 2493 871 2556 pro
883 2469 1074 2556 poe-tesooet
1089 2471 1259 2557 imbuitque
1273 2471 1417 2550 colorem,

319 2572 479 2637 Imbribus
496 2585 524 2637 et
539 2573 608 2637 tabe
627 2573 802 2638 nimborum
816 2593 993 2636 sunuens
1015 2573 1182 2657 vacillem,
1206 2572 1351 2639 Crescere
1364 2593 1420 2634 nou

312 2674 441 2760 poesim
459 2673 573 2760 frupee
604 2676 735 2740 arbusto
761 2675 954 2740 ouu'mauts'a.
971 2675 1100 2756 omnia,
1129 2675 1250 2758 inquit,
1279 2674 1418 2739 imbrium

320 2775 440 2859 frigore
462 2777 605 2842 ambusta
628 2777 781 2842 vacillent
802 2783 900 2862 atque
922 2783 1055 2842 nutent.
1072 2777 1222 2844 Valerius
1238 2775 1370 2842 Flaeens
1390 2774 1419 2837 in

318 2900 366 2962 rv,
390 2879 432 2946 70
453 2879 543 2946 Haeo
569 2881 617 2945 oe't
637 2879 755 2962 (vulgo
777 2881 858 2945 Emit
879 2880 1004 2963 ubi).e
1025 2880 1185 2968 eeopulu'u,
1213 2877 1318 2944 media
1345 2880 1419 2944 inter

315 2982 437 3068 pububu
448 2981 517 3048 diri
536 2983 686 3066 Vulturis,
701 2985 771 3069 ipse
782 2984 876 3048 eninm
888 2985 1007 3070 pemitu
1022 2982 1333 3068 moestoquefntipnt
1350 2981 1419 3044 Voce

318 3085 443 3168 Iouem,
458 3087 562 3151 suevia
576 3085 721 3150 rebeuoua
736 3086 879 3150 ambuato
889 3085 1018 3172 praeuio
1030 3085 1170 3148 Lumina
1182 3131 1190 3146 .
1203 3082 1379 3150 Columella
1389 3081 1418 3144 iu

318 3209 361 3271 ιιι,
377 3187 408 3271 3,
426 3187 466 3252 13
481 3187 801 3275 brumaefre'pore'bua
823 3201 851 3253 et
869 3189 999 3274 pruiuie
1021 3185 1230 3270 inurendum,
1246 3193 1278 3252 et
1292 3187 1324 3250 in
1338 3207 1366 3266 x,
1382 3181 1419 3246 lt

321 3313 402 3374 quae
417 3291 507 3354 cuuis
522 3291 646 3356 e‘ooeaut
660 3289 784 3356 urendo
794 3291 944 3377 pruinis.
961 3287 1048 3372 quod
1064 3287 1090 3354 si
1116 3288 1167 3353 oui
1188 3287 1270 3354 forte
1293 3287 1368 3354 haec
1389 3286 1417 3350 iu

321 3389 469 3456 versibus
487 3389 612 3457 duobus
628 3393 788 3458 eonbuuia
799 3391 906 3478 posita
921 3391 1115 3477 displieent,
1137 3391 1232 3475 qnasi
1248 3409 1328 3456 sonu
1344 3391 1418 3454 iuter

319 3511 355 3558 se
378 3491 474 3557 nimis
489 3492 610 3558 similia
625 3495 709 3576 sint,
734 3495 878 3559 ambusto
892 3495 1060 3576 vacilleut,
1083 3493 1214 3558 arbusto
1236 3493 1418 3570 anemonae,

320 3593 397 3659 mihi
414 3613 454 3660 ne
470 3595 590 3660 similia
605 3597 735 3680 quidem
752 3595 919 3678 ridentur,
937 3594 993 3660 sed
1010 3597 1185 3660 ambustum
1201 3595 1310 3662 media
1325 3591 1418 3661 voeuli

319 3697 419 3780 longa
431 3695 601 3762 dioendum
615 3699 771 3766 existimo.
784 3717 859 3764 nam
870 3697 1042 3784 partieipia
1052 3698 1184 3783 passiva
1195 3718 1237 3763 eu
1248 3717 1378 3782 quorum
1389 3697 1417 3758 in

320 3797 483 3882 praesenti
497 3817 679 3866 consonans
689 3806 738 3868 est
749 3809 805 3867 aut
816 3800 942 3884 liquida
952 3805 1032 3866 aute
1041 3801 1257 3884 semivoealie,
1270 3799 1417 3883 quantitu-

320 3909 384 3968 tem
406 3903 587 3988 praesentis
609 3911 759 3969 seeuntur
774 3927 784 3969 :
796 3916 903 3991 peetus
926 3901 1054 3988 deputem
1076 3914 1174 3968 tostus
1195 3903 1417 3988 corripiuntur,

320 4005 538 4090 producuntur
549 4029 659 4071 oeneus
670 4008 890 4092 uatuepubtue5
904 4005 981 4070 item
991 4019 1157 4092 promptus
1172 4005 1315 4092 demptus
1325 4025 1417 4088 aremp-

320 4121 371 4173 tua
386 4113 421 4172 ut
432 4131 544 4194 promo
560 4113 591 4172 el
606 4113 732 4190 uetera,
756 4108 851 4172 aliter
866 4122 986 4195 emptus
997 4131 1130 4194 prossus
1145 4107 1276 4174 aduitus
1289 4105 1418 4193 sepultus

316 4211 432 4296 pulsus
443 4210 553 4275 uubouu
564 4211 670 4275 salsus
682 4223 792 4275 cautus
805 4211 880 4275 lubae
891 4209 1011 4275 desitus
1022 4223 1330 4297 oomemptusportue
1340 4217 1418 4272 untur

320 4337 432 4377 cursus
454 4319 486 4378 et
508 4333 529 4378 a
550 4311 980 4379 ver1·endooereuo.ooutrn
1001 4311 1056 4378 ubi
1080 4313 1113 4376 iu
1135 4312 1298 4397 praesenti
1321 4307 1418 4375 media

321 4421 389 4498 est,
413 4416 586 4500 partieipia
607 4413 848 4501 produeuntur3
864 4434 970 4499 nequo
985 4415 1090 4480 minus
1106 4429 1233 4502 surptus
1243 4465 1252 4498 ,
1275 4419 1310 4478 ut
1329 4417 1415 4497 puto,

321 4536 416 4600 quam
433 4519 542 4604 lupone
551 4519 682 4604 Ιᾳίιιριιιε
694 4530 794 4603 nupto
806 4517 944 4603 scriptus
956 4519 1083 4600 s‘useua5
1097 4517 1173 4582 item
1186 4525 1221 4582 ut
1237 4515 1418 4599 oessuefieus
