3110 5146
679 382 708 447 V
1183 382 1247 454 333

138 553 323 639 Naugerius
349 553 439 620 rubia
461 552 615 620 dabtruoto
639 554 823 620 minuatur.
843 559 875 618 et
901 573 1092 619 ιιιιιιιιιιιιιι
1118 554 1248 639 quidem

137 657 209 725 aine
235 655 436 724 dubitatione
462 653 665 722 scribendum
695 659 744 724 oet
757 705 764 740 ‚
779 660 814 722 ut
840 654 884 722 ad
910 655 1011 740 mota,
1028 655 1090 722 hoo
1114 663 1164 724 est
1189 677 1249 726 ora

138 760 208 828 eive
221 757 312 826 labia
332 776 468 843 oanum,
483 756 660 825 reseratur:
675 757 735 824 sed
757 777 798 824 ea
812 763 848 824 nt
869 755 999 824 nudatis
1014 756 1163 827 dentibus
1183 758 1247 828 dia

137 860 222 930 trahi
245 880 285 927 ao
306 860 500 944 distorqueri
525 867 662 946 possunt
683 859 766 948 diei,
783 861 828 928 ita
854 881 920 928 non
943 860 1048 928 minua
1073 863 1194 930 retrahi
1216 869 1249 932 et

138 963 290 1048 restringi
303 985 312 1049 3
327 968 362 1030 ut
375 962 534 1030 litterulae
550 963 679 1048 elapsas
694 981 847 1031 renouare
861 963 1038 1048 lineatim,
1054 965 1143 1032 rabie
1163 986 1248 1030 ans-

138 1088 276 1134 nurcrn
297 1067 481 1132 mimator.
496 1067 585 1150 quod
606 1085 684 1133 vero
700 1065 834 1132 Plautus
857 1065 962 1134 dentes
976 1067 1132 1155 rmuiopi
1149 1067 1247 1154 dixit,

137 1191 198 1258 par
213 1169 343 1236 insitam
358 1169 594 1254 praepositioni
612 1167 854 1253 ambiguitatem
871 1167 1028 1236 affinitur:
1045 1169 1250 1258 restrinpitur

139 1273 225 1340 enim
247 1279 313 1339 tem
336 1269 424 1356 qnod
445 1269 586 1338 undatur
607 1289 705 1356 qnam
727 1271 815 1356 quod
837 1270 1028 1338 retrahitur.

229 1375 321 1442 1067.
345 1374 398 1442 An
421 1394 608 1441 osnunos.
625 1374 726 1440 Immo
742 1373 813 1440 Er:
829 1374 938 1458 pergit
959 1374 1044 1440 enim
1059 1372 1175 1442 iisdem
1198 1395 1250 1443 oa·

138 1478 235 1546 nibus
256 1476 339 1544 alios
360 1481 456 1560 amne
478 1477 562 1546 alios
583 1496 698 1544 voenm
717 1494 815 1544 sonos
837 1475 1042 1544 adsorihore.
1057 1476 1154 1561 paulo
1176 1485 1251 1562 post

138 1601 238 1651 versu
262 1579 344 1647 1083
366 1585 453 1648 reete
475 1579 630 1666 seriptum
652 1585 701 1648 est
721 1580 784 1646 Et.

228 1681 321 1750 1068.
343 1681 424 1748 Aur
460 1703 523 1748 nnn
555 1703 623 1749 nos
655 1703 825 1748 nsonsur
857 1681 1026 1746 ιιιιιιιιιιιΙ
1047 1702 1250 1756 uonsnonr

138 1805 333 1853 rornnrns
369 1783 575 1852 Snsrnuors
616 1805 784 1850 rnunros
820 1805 1028 1850 rurrssnnn
1063 1807 1250 1852 onsrmns

138 1901 331 1956 ssnsrns.
348 1885 516 1973 Oblongua
531 1890 728 1971 imittuntur,
744 1885 921 1971 quadratus
940 1888 1250 1956 abominamenta

139 1994 260 2060 Ιαοιαιιι
286 1997 319 2058 et
343 2015 452 2058 moran
474 2003 613 2079 potentes
639 1991 748 2076 inepte
776 1995 882 2056 tuetur
907 1988 1149 2058 Wakefieldua:
1165 1997 1250 2058 reete

138 2116 302 2162 rncnsun
323 2093 527 2179 Naugerius,
542 2117 711 2180 moratique
732 2113 921 2158 rnrnnnna
943 2091 1018 2160 Itali
1040 2099 1072 2160 et
1093 2093 1170 2160 olim
1194 2094 1250 2160 im-

139 2199 266 2285 pressi.
283 2197 317 2264 in
342 2216 438 2264 versu
470 2195 572 2262 altero
599 2201 685 2263 reete
707 2195 870 2280 Tanaquil
890 2195 996 2263 Faber
1024 2195 1252 2263 animadvertit

139 2319 259 2388 oanea,
277 2319 349 2368 oum
370 2318 406 2366 ee
434 2299 557 2366 oatulos
579 2298 660 2364 riotu
686 2297 856 2365 hausturus
878 2298 1022 2384 fingant,
1038 2317 1105 2366 non
1131 2311 1251 2366 tereres
1308 2317 1311 2326 ·

139 2403 277 2470 haustus
293 2401 431 2487 imitari,
447 2399 504 2468 sed
520 2419 615 2468 veroa
629 2421 636 2466 ε
651 2407 856 2488 nontamen,
873 2401 961 2487 quod
976 2401 1033 2468 ille
1044 2401 1148 2470 voluit
1161 2425 1252 2468 veroa

138 2508 274 2574 laeam
294 2503 498 2573 seribendum
520 2509 590 2589 est,
605 2502 664 2570 aed
679 2504 850 2591 Sinopam
871 2517 992 2572 meror
1011 2524 1251 2570 ururnsurnu

139 2609 289 2677 denttbuo
311 2607 462 2674 houm.

230 2710 324 2777 1070.
347 2729 511 2776 osusrru
532 2728 641 2774 voors
654 2757 662 2774 .
677 2708 732 2776 Sio
747 2709 925 2796 quadratus
941 2717 973 2776 et
986 2711 1111 2778 Nonius
1133 2730 1165 2796 p.
1176 2709 1250 2795 450,

140 2817 159 2882 9
173 2837 183 2880 2
199 2813 331 2880 cauata
345 2811 505 2896 oblongus
516 2818 549 2879 et
563 2811 639 2878 olim
650 2813 820 2898 impressi,
836 2815 944 2880 canuit
953 2813 1079 2880 Nonius
1094 2833 1126 2898 p.
1142 2813 1250 2896 17,10.

231 2915 323 2982 1071.
344 2935 576 2980 nnsnunmus
608 2936 829 2981 suasurus.
853 2915 978 2983 Nonius
1004 2937 1036 3000 p.
1049 2915 1100 3000 80,
1113 2913 1153 2981 31
1187 2935 1251 2980 nu-

141 3039 250 3084 snurr
270 3037 517 3084 annassnua.
532 3016 619 3084 idem
641 3039 746 3084 omnen
767 3037 826 3103 pro
849 3031 904 3084 aut
926 3043 1016 3086 oum.

231 3121 324 3187 1072.
346 3119 561 3186 Fronsnrrs
592 3142 781 3186 nuarnur.
805 3121 973 3188 Oorreetor
1002 3119 1131 3204 oblongi
1158 3119 1252 3186 Pto-

141 3244 298 3290 usuris.

231 3327 324 3394 1076.
347 3327 397 3392 Er
419 3347 609 3392 rnnurrnrr
634 3349 792 3394 ranunre
815 3350 881 3395 ann
910 3347 1071 3406 usnrnns
1093 3347 1181 3391 noir
1202 3347 1250 3392 sn

142 3451 265 3496 sarrs.
282 3428 351 3496 Hoo
364 3434 458 3514 turpe·
473 3436 504 3496 et
526 3430 699 3498 obsoenum
720 3429 849 3499 dioendi
865 3449 967 3516 genus
989 3431 1079 3515 (nam
1094 3429 1141 3496 ad
1161 3455 1253 3496 arma

142 3523 290 3616 intellegi
312 3530 410 3606 dohet
430 3532 476 3598 od
502 3534 663 3619 Veneres)
683 3534 861 3618 Forbigero
883 3533 963 3600 nihil
985 3532 1105 3600 habore
1127 3532 1253 3600 videtur

142 3639 177 3703 in
199 3655 264 3721 qno
290 3627 450 3721 possimus
476 3635 665 3704 offendere.
689 3635 845 3704 Marullus
868 3643 900 3704 et
921 3635 1168 3721 Wakefieldus,
1191 3635 1253 3703 hoo

143 3759 242 3806 versu
256 3743 330 3824 poet
340 3739 384 3804 Et
397 3761 466 3804 oum
481 3739 528 3804 εἰσ
542 3739 627 3804 oliuo
642 3741 802 3806 mareoth
817 3740 947 3806 orbabas
962 3740 1066 3806 hinne
1080 3739 1251 3824 collocato,

143 3861 263 3928 equum
284 3841 319 3906 in
334 3839 454 3907 bellum
475 3861 630 3926 proruere
649 3842 839 3926 gestientem
862 3841 955 3908 elatis
977 3842 1110 3908 naribus
1131 3843 1252 3908 nullum

143 3945 247 4012 alium
267 3943 332 4010 nisi
354 3943 521 4026 vulgarem
536 3942 694 4010 hinnitum
716 3942 813 4012 odere
832 3942 975 4011 fatiunt.
991 3952 1098 4010 tamne
1121 3943 1253 4011 diffinite

144 4047 207 4114 fnit
228 4045 340 4114 videre
360 4045 413 4111 hie
439 4045 504 4111 tria
524 4046 668 4113 membra
694 4045 848 4112 orationis
875 4065 946 4114 esee
973 4047 1111 4134 debera,
1127 4055 1163 4114 ut
1190 4048 1255 4114 tria

144 4148 289 4217 hinnitus
320 4167 443 4233 genera
474 4146 763 4232 signitioarenhrr?
786 4148 958 4216 (treeehius
994 4150 1027 4215 in
1060 4149 1253 4237 paraphrasi

144 4258 232 4319 reete
246 4253 297 4318 vel
309 4275 399 4318 oum.
414 4249 539 4316 aeilioet
553 4250 757 4318 seribendnm
768 4257 819 4317 est
829 4251 1046 4338 Etfranitum
1053 4254 1180 4340 patulis
1191 4273 1254 4316 us1
1359 4257 1361 4263 ’

144 4351 278 4422 auribus
293 4353 357 4420 edu
367 4353 413 4420 ud
421 4377 533 4420 armo.
550 4352 583 4418 in
597 4375 644 4438 111,
657 4354 720 4420 798
735 4353 913 4438 quadratus
923 4378 1039 4444 empus
1049 4357 1106 4422 aab
1117 4355 1253 4438 emeriti,

145 4477 205 4544 l)¹'⁰
228 4458 326 4626 7077.
349 4579 550 4624 cououssrs
574 4580 759 4626 surinus.
781 4559 854 4626 Itali
878 4567 910 4626 et
931 4560 1078 4646 impressi
1101 4560 1253 4645 ortubus,
