3110 5146
334 369 398 434 sss
864 348 908 436 ir

338 585 342 594 ·
420 539 492 605 605.
516 558 774 605 suasanuosn.
796 540 949 624 Impressi
977 560 1217 624 susrnncnu,
1241 541 1344 625 itaque
1368 541 1425 606 An·

334 639 441 706 tonius
463 637 579 708 Marii.

419 744 492 810 608.
516 746 712 810 Pnrnorrro
737 764 837 808 usne
862 737 1074 812 urrunnun.
1094 745 1164 810 Hoo
1191 765 1256 829 quo
1281 747 1427 812 reseratur
1530 739 1531 810 ζ

333 845 414 912 nihil
430 853 498 912 est:
515 866 589 913 nam
605 865 699 914 nemo
715 847 810 913 eade
825 865 943 932 eausa,
959 847 1046 930 quod
1060 866 1154 926 mare,
1171 849 1275 916 maius
1289 867 1351 915 non
1364 847 1427 915 lieri
1530 889 1531 916 r

333 949 486 1031 miratur,
502 949 593 1014 timet
614 969 655 1015 ne
677 967 784 1014 rerum
811 967 935 1014 summa
956 956 1088 1034 pereat:
1105 950 1165 1016 hoo
1185 951 1271 1018 enim
1291 955 1427 1037 praeses

332 1057 440 1116 serat.
458 1050 537 1116 illud
560 1052 664 1136 ipsum
688 1057 795 1117 autem
811 1049 896 1133 quod
918 1055 1035 1134 poete,
1052 1071 1123 1117 eum
1139 1055 1304 1140 prosapie>
1322 1055 1428 1120 multos

332 1153 473 1235 aliquam
495 1159 614 1218 oertam
628 1171 696 1218 rom
711 1155 830 1218 mirari
841 1152 938 1237 dioit,
955 1155 1139 1220 neeessario
1153 1155 1188 1220 in
1202 1163 1310 1224 mente
1324 1157 1428 1240 habet,

332 1273 489 1338 nusquam
512 1261 672 1340 apparet,
695 1253 801 1321 idest
827 1256 979 1322 mortales
1006 1257 1107 1322 multa
1132 1276 1215 1341 quae
1236 1257 1430 1324 naturalibus

332 1358 437 1423 tausis
453 1356 632 1422 eldeiantur
654 1355 774 1422 frustra
788 1357 897 1423 mirari
911 1405 918 1420 .
934 1377 1009 1423 nam
1024 1359 1174 1441 quamvis
1193 1359 1264 1425 eius
1279 1359 1363 1426 modi
1378 1361 1430 1424 ali·

332 1459 410 1544 quid
425 1460 459 1523 in
474 1458 570 1524 lnuius
585 1457 657 1523 libri
678 1458 836 1543 prinoipio
851 1458 969 1526 dietum
985 1461 1029 1525 sit
1043 1459 1118 1525 inde
1133 1479 1155 1526 a
1168 1481 1265 1527 versu
1280 1463 1324 1529 50
1337 1481 1430 1545 usque

329 1560 374 1644 ad
388 1561 451 1644 55,
467 1566 574 1626 tamen
590 1559 657 1624 illio
670 1560 712 1625 de
734 1559 906 1628 formidine
921 1563 1047 1646 agitur,
1063 1583 1127 1628 non
1147 1563 1189 1628 de
1203 1562 1429 1646 admiratione,

331 1663 384 1728 hio
406 1667 511 1728 autem
527 1668 677 1728 seeuntur
699 1662 767 1726 alia
782 1682 865 1745 quae
887 1663 1033 1730 homines
1049 1666 1156 1731 tausis
1178 1683 1243 1730 non
1259 1672 1347 1733 reete
1366 1685 1430 1752 per·

331 1765 433 1850 septis
447 1766 625 1845 metentur,
640 1761 705 1830 654
717 1764 855 1832 ’160850
866 1767 930 1832 910
942 1767 1024 1834 1056
1037 1815 1044 1830 .
1061 1767 1124 1832 huo
1134 1766 1260 1834 assedit
1275 1767 1362 1853 quod
1373 1787 1430 1832 om-

330 1867 386 1932 nia
406 1866 506 1951 haee,
522 1865 637 1950 quibus
653 1885 741 1933 mare
764 1864 845 1932 lines
860 1887 935 1934 suos
958 1889 1022 1934 non
1038 1870 1196 1936 exoedere
1218 1871 1430 1950 demonstrat,

330 1989 394 2034 non
417 1969 498 2034 satis
519 1973 596 2052 apte
611 1969 770 2034 oollooata
790 1976 865 2035 sunt
877 1971 960 2036 inter
982 1991 1034 2036 res
1047 1972 1148 2038 multo
1170 1973 1278 2056 magis
1293 1973 1431 2039 eoniune

256 2060 260 2069 ’
330 2078 405 2136 tas:
428 2089 502 2136 nam
529 2089 550 2136 a
575 2075 680 2144 terrae
708 2071 847 2138 motibus
874 2071 1071 2139 commodius
1099 2073 1153 2138 ad·
1169 2077 1298 2141 Aetnae
1323 2075 1431 2141 montis

330 2173 515 2258 eruptiones
530 2191 628 2256 quam
651 2171 693 2238 ad
709 2174 808 2238 maris
828 2175 1056 2239 continentiam
1071 2176 1243 2243 transitur.
1260 2197 1346 2262 quae
1367 2197 1430 2243 eum

330 2276 377 2340 ita
392 2276 476 2359 sint,
493 2273 590 2340 facile
605 2281 655 2340 est
676 2273 719 2340 ad
739 2274 998 2359 cognoscendum
1020 2295 1062 2342 ne
1077 2276 1129 2342 hio
1142 2278 1276 2362 quidem
1294 2279 1432 2346 Lueretio

329 2397 388 2463 per
410 2375 511 2442 fatum
532 2375 663 2442 lionisse
678 2381 796 2462 potma
818 2397 910 2444 suum
933 2379 1103 2448 absolvere
1126 2381 1260 2466 simque
1283 2389 1390 2468 partes
1403 2385 1432 2446 et

330 2485 416 2546 reete
439 2479 610 2564 disponere
625 2486 658 2544 et
678 2486 758 2564 apta
771 2481 918 2546 iunotura
940 2483 1023 2548 inter
1043 2503 1115 2549 sese
1137 2491 1309 2557 ooneotere
1321 2535 1329 2550 .
1343 2491 1432 2568 atque

329 2583 363 2647 id
385 2582 438 2648 rel
461 2601 501 2647 ex
524 2581 583 2646 hoe
598 2581 787 2666 intellegere
802 2603 992 2668 possumus,
1009 2585 1116 2671 quod,
1133 2605 1204 2660 oum
1218 2605 1318 2653 versu
1331 2587 1374 2654 50
1393 2583 1432 2650 ad

199 2745 201 2752 Α
329 2685 403 2750 libri
418 2685 516 2749 totius
539 2689 761 2766 argumentum
780 2685 956 2768 respitiens
978 2685 1116 2755 dixisset
1130 2689 1241 2756 detero
1264 2713 1349 2776 qnae
1359 2688 1436 2774 fieri

330 2789 365 2852 in
386 2788 480 2852 terrm
494 2786 641 2872 casuque
655 2799 780 2852 mentor
795 2787 966 2872 Mortales,
981 2795 1097 2874 postea
1115 2798 1223 2858 autern
1237 2811 1337 2858 versu
1351 2790 1392 2856 83
1405 2793 1433 2854 et

329 2889 372 2955 84
394 2888 472 2954 nihil
483 2888 555 2954 ‘nisi
583 2885 735 2971 μετέωρα
756 2889 985 2975 promisisset,
1011 2896 1119 2959 tamen
1151 2893 1201 2959 his
1232 2892 1432 2979 peruastatis

329 3010 426 3058 versu
440 2991 503 3058 535
526 2989 605 3056 nihil
626 2988 792 3075 praelatus
814 2989 858 3056 ad
877 2993 1040 3060 terrestria
1061 2995 1209 3062 transiit.
1224 2995 1310 3062 haee
1331 2993 1434 3060 omnia

330 3094 520 3179 interpretes
536 3111 606 3158 eum
618 3111 683 3158 non
699 3091 1023 3178 animadvertissent,
1040 3097 1179 3164 mirabili
1191 3097 1311 3162 mentis
1323 3095 1432 3162 inertia

329 3195 506 3280 probamnt
526 3215 655 3262 versum
677 3214 698 3261 a
721 3195 859 3261 Marullo
880 3194 1008 3280 lictum,
1028 3199 1123 3264 Nono
1143 3200 1227 3264 roa'o
1251 3197 1431 3276 reddendo,

329 3321 463 3384 oupmen
486 3322 544 3362 ear
564 3300 684 3364 nodet
705 3321 842 3385 aequor,
857 3299 913 3382 qui
937 3319 1002 3366 non
1029 3300 1125 3366 modo
1147 3297 1431 3382 instituerant

329 3399 486 3464 curiosius
501 3401 697 3467 examinanti
713 3399 893 3468 absurdus.
909 3421 982 3468 eum
997 3402 1087 3469 solus
1099 3403 1257 3468 Aventius
1273 3423 1340 3468 non
1353 3419 1431 3468 rese

328 3500 396 3585 pit,
412 3521 506 3583 quem
529 3503 672 3586 sequitur
685 3551 693 3586 ,
708 3508 743 3568 ut
764 3503 866 3588 solet,
882 3503 1044 3571 Iohannes
1067 3505 1215 3591 Baptista
1236 3504 1337 3572 Pius.

414 3603 486 3670 609.
509 3603 690 3670 Narone.
706 3603 859 3672 Marullus
882 3606 1089 3672 Nurunnu.
1121 3659 1127 3666 .

414 3705 487 3772 613.
510 3727 633 3771 reuss
655 3730 701 3773 un
724 3729 834 3773 unsre
850 3728 966 3774 orrum
990 3731 1139 3776 sonum
1154 3710 1285 3780 Gonnn
1301 3731 1368 3772 vrx
1381 3727 1430 3770 rs·

329 3827 419 3870 srnn
441 3829 563 3872 sanun
585 3831 695 3875 unius
718 3829 947 3876 nnnuousn.
964 3811 1038 3878 Itali
1053 3818 1085 3878 et
1098 3812 1255 3878 Marullus
1270 3813 1431 3880 Gurnsr:

328 3909 386 3976 sed
402 3909 499 3977 iidem
515 3909 560 3976 od
573 3936 707 4000 oapmen
726 3912 858 3979 vooibus
874 3913 1007 3997 divisis,
1025 3913 1171 3980 oratione
1184 3914 1324 3999 turpiter
1338 3911 1429 3978 abuu-

328 4011 419 4076 danti
433 4059 441 4078 .
457 4013 518 4078 hoo
532 4013 637 4080 nullus
648 4013 858 4099 interpretum
869 4014 1116 4100 animadvertit3
1132 4034 1197 4099 quo
1208 4015 1329 4082 laetum
1342 4015 1430 4080 estut

327 4111 617 4201 adnnpmenlexioa
627 4115 901 4202 adhuoignorent‚
914 4115 1240 4198 quindenotasdietus
1251 4123 1304 4184 est
1312 4115 1428 4182 inlibro

326 4236 360 4300 n,
375 4217 478 4281 1122.
493 4223 569 4282 sunt
579 4223 687 4284 tamen
699 4237 775 4286 rara
785 4217 879 4284 buius
891 4217 1020 4299 generis
1032 4219 1229 4304 oomposita.
1245 4218 1427 4305 oblepme‘no

325 4319 543 4404 prosepmt’ao,
555 4323 791 4408 praesegmina,
803 4317 1094 4408 resepmt'uoPlinii,
1103 4315 1429 4406 515595ωεί1οηῦ-

328 4433 440 4504 temen,
454 4445 599 4505 examen,
611 4420 1162 4508 sufflammasuffronpendofflutt),
1174 4417 1427 4508 utsrffraps'mi

324 4545 522 4607 propoqmen
536 4523 597 4606 (sie
613 4543 634 4589 a
640 4523 812 4610 pauperae
828 4522 951 4586 Ennius
966 4522 1062 4588 Nonii
1077 4543 1109 4608 p.
1121 4523 1174 4608 64,
1190 4523 1279 4589 3201
1294 4522 1368 4606 221,
1379 4518 1427 4602 9),
