3096 5142
556 383 701 476 '1v
1169 409 1233 484 aas

139 581 294 646 cccmus
322 561 452 646 Ocelum
478 578 565 666 quod
590 579 707 646 dicetur
733 591 812 662 adr,
833 585 944 646 contra
970 577 1231 646 cousuetudinem

140 683 222 750 huius
243 687 379 768 poctae,
396 681 438 747 de
460 699 526 764 qua
547 682 599 765 egi
622 682 665 747 ad
686 682 802 748 librum
823 703 869 766 111,
882 681 943 748 94.

215 785 284 850 142.
308 785 359 851 Er
382 784 570 855 curus'oun
590 805 904 850 uonrreuunauu
925 805 1091 848 verrens
1114 805 1150 848 ιιι
1166 805 1231 849 uo-

20 951 21 964 ,
137 909 213 952 aas.
229 886 395 970 Oblongus
410 887 554 954 cuiusce.
571 887 714 954 eiusdem
730 892 889 953 corrector
904 907 998 950 onas
1011 909 1019 971 3
1034 888 1231 954 rectissime.

137 1013 202 1056 acc
223 979 308 1056 enlin
338 995 371 1055 et
392 988 445 1054 hic
465 994 497 1054 et
523 989 556 1053 in
583 1009 679 1054 versu
708 990 768 1055 166
794 995 869 1054 sunt
895 990 1132 1074 extremitates,
1149 1011 1232 1074 quae

137 1111 230 1158 rerum
252 1085 455 1178 superficiem
470 1109 509 1156 ac
531 1091 671 1175 speciem
693 1090 854 1157 efficiunt.
870 1093 917 1156 ita
932 1093 1052 1157 llnnius
1076 1099 1109 1159 et
1122 1095 1233 1176 Vergi·
1317 1082 1323 1094 '

137 1193 191 1261 lius
205 1197 344 1284 superstes
367 1193 444 1258 belli
455 1217 529 1258 oros
551 1192 701 1280 dixerunt
715 1212 840 1260 summa
862 1193 938 1259 belli
954 1193 1163 1260 discrimina.
1178 1215 1232 1261 ne·

137 1315 192 1381 que
205 1297 297 1362 aliter
312 1296 416 1362 Varro
432 1295 473 1361 de
488 1296 602 1379 lingua
616 1296 734 1362 Latina
748 1295 829 1361 libro
846 1316 903 1358 vm
916 1317 948 1380 p.
962 1296 1025 1364 392
1039 1297 1090 1362 De
1104 1297 1232 1363 huiusce

134 1399 296 1485 mudcplabc‘
307 1411 425 1462 actura
447 1397 687 1482 dabcr’a'miaum,
703 1397 765 1464 hcc
787 1404 836 1463 esi
854 1397 1071 1463 discriminum
1094 1399 1232 1464 cmulti-

19 1537 20 1546 .
134 1501 201 1584 plici
223 1499 473 1566 declinationum
488 1505 605 1566 uatma
626 1500 873 1586 prodeuntium,
889 1524 964 1566 orae
985 1513 1057 1565 sont
1079 1501 1231 1584 216,εοί-

133 1599 199 1667 licet
212 1607 358 1668 exmema
380 1607 412 1667 et
425 1621 569 1686 summa,
586 1603 618 1668 in
634 1622 717 1687 quae
733 1603 841 1668 omnia
862 1602 945 1668 inter
960 1621 996 1667 se
1011 1601 1232 1669 diversissima

135 1710 261 1788 exeunt,
277 1729 337 1770 cur
360 1717 388 1770 et
409 1729 470 1790 qao
492 1716 521 1770 et
542 1729 631 1790 quern
648 1703 817 1771 admodum
838 1706 874 1770 a'a
896 1704 1049 1791 mouendo
1072 1703 1232 1770 declinato

52 1839 60 1858 ·
133 1807 410 1874 macedones
433 1805 475 1872 ad
498 1826 571 1872 cum
594 1806 722 1872 modum
745 1805 881 1889 figurate
897 1807 1033 1873 dicimus
1055 1809 1123 1872 aiae
1138 1809 1231 1874 auehe

133 1909 178 1974 tei
198 1908 257 1974 dea
283 1907 406 1994 absolu
417 1908 555 1994 fascea,
571 1907 657 1974 idem
680 1909 783 1975 Varro
811 1907 853 1974 de
875 1929 910 1974 re
937 1909 1057 1974 rustica
1070 1929 1091 1993 1,
1104 1907 1231 1990 65256
1255 1923 1258 1930 '

132 2017 160 2074 et
179 2011 261 2094 20,5
284 2009 493 2096 trioformoc
504 2011 650 2098 focapr'o
671 2030 730 2096 pro
753 2011 855 2076 tribus
878 2010 1051 2094 generibus
1074 2009 1229 2079 definitis.

132 2098 169 2176 ad
189 2112 378 2178 nostratium
402 2111 481 2178 illud
503 2114 649 2200 proxime
665 2113 824 2180 Caecilius
846 2115 967 2181 Statius
990 2113 1076 2198 apud
1100 2113 1229 2179 Festum

130 2215 296 2299 p.182,22
322 2213 420 2281 Orcm
452 2219 592 2302 repera'rc
620 2217 765 2299 oollam,
788 2239 884 2302 quam
916 2214 1107 2302 copadium,
1131 2241 1208 2302 queo
1220 2241 1231 2299 ,¹

132 2335 207 2398 quae
228 2316 315 2383 docti
339 2317 424 2382 male
446 2322 661 2403 temptarunt,
677 2337 748 2384 cum
771 2318 894 2384 Ennius
917 2337 1043 2402 quoque
1066 2325 1098 2384 et
1119 2318 1231 2402 Vergi-

131 2417 187 2484 lius
208 2418 286 2484 belli
308 2437 383 2484 oras
407 2420 508 2486 woloi
526 2419 686 2485 dixerint.

211 2521 282 2586 133.
305 2541 459 2586 sacrun.
475 2522 642 2589 Librarius
665 2521 814 2605 quadrati
830 2522 967 2606 primum
990 2523 1165 2608 scripserat
1169 2523 1231 2606 fa-

130 2645 210 2707 cere,
225 2641 303 2688 mox
326 2641 434 2690 errore
456 2623 682 2706 animadverso
704 2624 774 2709 ipse
796 2625 955 2691 correxit.
971 2625 1032 2691 boc
1057 2625 1086 2692 si
1109 2631 1165 2691 aut
1185 2632 1230 2692 ta

129 2725 241 2792 conset
262 2727 322 2791 aut
343 2726 390 2791 ita
411 2732 447 2792 ut
468 2733 518 2794 est
543 2728 719 2793 rettulisset
740 2727 981 2811 Havercampus
1006 2727 1102 2811 (dixit
1124 2735 1231 2794 autem

113 2823 238 2922 '‘foccrc
253 2826 291 2892 Z.
315 2827 373 2894 sed
395 2829 588 2914 superscrib.
601 2829 753 2916 sccile'),
769 2827 1005 2894 Wakefieldum
1029 2829 1162 2914 eiusque
1176 2849 1230 2915 pe-

129 2926 276 3014 disequos
299 2929 332 2994 in
353 2948 486 3013 gravem
508 2951 649 2998 errorem
671 2951 737 2998 non
759 2930 959 2997 induxisset.

208 3033 282 3099 143.
305 3051 408 3102 QUAM
436 3053 561 3096 sacrm
586 3055 631 3098 BT
658 3053 792 3096 cutum
818 3053 981 3098 Renoua
1010 3053 1228 3098 GERANTUR.

129 3131 291 3217 Oblongus
306 3135 533 3222 qocmfacile,
549 3136 726 3220 quadratus
741 3160 823 3222 qaae
834 3135 958 3222 facilc.
973 3141 1040 3200 tum
1055 3135 1229 3202 Lambinus

130 3255 341 3320 cassurus,
357 3244 392 3303 ut
412 3257 514 3305 sanae
528 3240 643 3305 mentis
663 3238 823 3305 hominem
839 3237 965 3320 decuit,
981 3236 1139 3320 quidquid
1154 3238 1229 3303 Wa-

13 3425 14 3434 .
129 3336 280 3405 kelieldus
302 3340 503 3424 etl'orbiger
525 3341 709 3406 blaterant:
732 3341 784 3407 hic
798 3341 883 3406 enim
906 3345 1003 3424 pocta
1018 3340 1112 3406 docet
1132 3359 1229 3424 quam

128 3439 219 3508 facile
247 3447 280 3508 ct
306 3443 452 3510 celeriter
476 3445 675 3531 pipaaator,
697 3462 773 3509 mox
803 3444 863 3509 176
894 3461 991 3526 quam
1020 3441 1116 3508 celeri
1142 3449 1229 3509 motu

12 3635 13 3640 ἵ
118 3541 289 3627 secatur.

209 3645 281 3712 144.
304 3666 499 3717 usrsaeun
522 3669 691 3714 consur.
713 3649 793 3714 Post
807 3646 901 3712 -baec
927 3645 1029 3714 verba
1054 3646 1147 3714 deest
1167 3647 1229 3734 pri·

126 3767 207 3814 mum
220 3750 354 3836 Percipe
368 3749 421 3815 vel
431 3749 631 3840 Expediom,
647 3757 714 3816 tum
729 3749 868 3835 paucula
883 3767 903 3813 a
918 3749 1036 3832 quibus
1051 3749 1131 3815 illud
1147 3752 1230 3817 coba

127 3851 208 3932 quod
235 3851 389 3918 subicitur
415 3851 575 3936 pendeat.
591 3871 697 3935 neque
724 3857 832 3917 umen
860 3851 959 3916 ullum
986 3849 1038 3918 hic
1061 3852 1095 3917 in
1117 3852 1229 3919 codice

126 3951 297 4040 archetypo
320 3952 464 4020 delectus
478 3953 632 4019 indicium
651 3953 751 4020 luisse
766 3953 1013 4020 existimandum
1036 3961 1104 4038 est,
1121 3974 1229 4038 quam-

125 4054 172 4122 vis
186 4075 208 4121 a
221 4075 320 4122 versu
337 4055 396 4120 127
412 4075 514 4140 usque
529 4055 571 4122 ad
587 4056 649 4123 298
665 4057 730 4123 sint
742 4076 855 4123 versus
870 4061 993 4121 tanaim
1008 4055 1104 4122 modo
1118 4077 1228 4121 ,cnxxn

126 4163 156 4222 et
168 4158 251 4224 tituli
267 4163 352 4242 tres,
369 4177 439 4224 oum
454 4163 577 4244 septem
596 4159 738 4243 paginae
752 4158 901 4226 versibus
917 4165 1064 4225 constent
1079 4181 1227 4225 cnxxxn:

125 4265 245 4344 septem
269 4267 377 4326 antem
399 4262 541 4346 paginae
569 4281 641 4328 esse
665 4261 805 4346 debent,
821 4261 899 4344 quia
924 4259 1088 4344 proximos
1114 4281 1229 4330 versus

125 4381 166 4424 ιιι
179 4361 347 4430 rec-347
371 4363 404 4428 in
425 4364 521 4430 unius
544 4363 750 4447 eiusdemque
778 4363 917 4429 schedae
939 4364 1070 4447 paginis
1091 4366 1227 4449 scriptos

126 4461 222 4531 inisse
244 4483 302 4532 suo
324 4463 396 4530 loco
423 4465 466 4530 ad
493 4485 621 4532 versum
643 4466 706 4532 323
737 4466 930 4533 declarabo.
947 4486 1022 4532 nam
1050 4467 1084 4530 in
1107 4467 1228 4550 pagina

126 4581 240 4632 aversa
267 4565 407 4634 schedae
432 4566 526 4634 buius
552 4567 626 4632 libri
654 4576 789 4662 quartae
816 4568 944 4634 suerunt
973 4587 1086 4634 vemas
1111 4573 1228 4652 politae
1266 4597 1268 4604 ·
