3020 5146
545 417 592 482 111

28 597 134 655 mortua
155 589 202 655 eui
225 589 291 656 rita
313 595 361 656 est
383 611 483 675 prope
506 590 569 654 iarn
592 589 665 654 vivo
687 596 783 672 atque
805 589 947 670 videnti,

27 705 69 786 qui
89 727 193 771 somno
215 711 339 790 partem
361 705 516 770 rnaiorem
540 705 677 770 eonteris
699 705 792 784 aevi,

29 827 52 883 et
70 822 196 904 vigilans
219 819 323 887 stertis
346 839 405 886 nee
427 820 555 886 somnia
577 839 706 886 eernere
729 839 857 904 nassas,

30 938 238 1021 sollicitamque
260 938 346 1022 geris
368 957 460 1004 cassa
482 936 649 1002 formidine
672 941 831 1022 mentem,

15 1073 76 1118 inec
95 1054 224 1137 reperire
248 1060 342 1138 potes
364 1053 421 1118 tibi
444 1051 520 1134 qnid
543 1053 584 1117 sit
606 1071 703 1136 saepe
726 1053 822 1130 mali,
839 1071 907 1117 num

30 1167 116 1232 ebrius
135 1171 258 1250 urgeris
281 1169 388 1234 multis
411 1168 506 1232 miser
527 1166 669 1249 undique
692 1167 787 1242 euris¹

29 1291 107 1364 atque
125 1283 217 1348 animi
240 1285 364 1349 ineerto
387 1282 517 1348 fluitans
540 1301 648 1347 errore
671 1282 817 1366 vagaris!

61 1397 89 1462 Si
108 1405 234 1482 possent
256 1398 422 1481 homines,
441 1396 575 1482 proinde
597 1415 635 1461 ao
658 1397 776 1462 sentire
798 1397 944 1462 videntur

28 1511 131 1592 pondus
151 1513 256 1578 inesse
279 1513 408 1595 auimo,
425 1511 511 1596 quod
533 1531 568 1576 se
590 1513 746 1596 gravitate
769 1511 903 1594 fatiget,

15 1645 43 1688 ,ε
61 1627 160 1708 quibus
182 1627 214 1692 id
236 1627 295 1692 liat
317 1627 423 1693 nausis
446 1645 574 1708 quoque
596 1645 729 1692 nosoere
753 1631 785 1692 et
807 1628 891 1690 unde

27 1747 97 1804 nuta
116 1739 185 1807 mali
207 1750 274 1808 tam
298 1763 394 1824 quam
416 1741 517 1806 moles
540 1741 573 1806 in
597 1747 726 1826 pectore
749 1747 890 1824 oonstet,

29 1853 89 1917 lant
107 1857 147 1921 ita
168 1857 264 1924 vitam
290 1865 443 1942 agerent,
459 1863 494 1920 ut
515 1876 599 1922 nuno
621 1857 809 1940 plerumque
831 1855 976 1921 videmus

30 1968 87 2047 quid
106 1971 160 2036 sibi
182 1973 320 2055 quisque
343 1973 420 2038 velit
441 1971 583 2054 nescire,
600 1977 631 2036 et
653 1991 807 2053 quaerere
830 1990 957 2055 semper

32 2091 196 2152 commutare
217 2089 345 2172 looum,
362 2089 454 2169 quasi
478 2107 558 2152 onus
581 2086 743 2171 deponere
764 2086 886 2170 possit.

15 2196 82 2260 uerit
98 2220 186 2286 saepe
209 2203 300 2268 foras
322 2203 448 2284 magnis
471 2223 510 2268 ex
533 2202 666 2268 aedibus
688 2203 763 2278 ille,

35 2325 88 2374 esse
104 2313 180 2380 domi
204 2336 303 2399 quern
325 2323 556 2401 pertaesumst‚
574 2317 741 2400 subitoque
764 2316 911 2400 revertit,

35 2427 121 2511 qnippe
142 2430 219 2497 foris
244 2431 313 2496 nilo
336 2431 450 2498 melius
473 2433 527 2515 qui
550 2433 667 2498 sentiat
689 2451 780 2496 osse.

31 2543 103 2606 turit
121 2565 218 2628 agens
241 2567 381 2612 mannos
403 2547 445 2612 ad
467 2547 579 2612 villam
602 2547 865 2632 praecipitanter,

29 2657 153 2724 auxilinm
176 2661 272 2727 tentis
295 2661 387 2742 quasi
408 2661 490 2726 ferre
513 2660 699 2728 ardentibus
722 2662 866 2727 instans:

16 2771 121 2837 ¹oscitat
139 2776 322 2861 extemplo,
338 2775 441 2860 tetigit
463 2797 531 2840 oum
556 2776 666 2842 limina
688 2777 804 2852 villae,

26 2891 67 2946 aut
86 2887 144 2952 abit
164 2891 195 2956 in
218 2911 368 2958 somnum
391 2891 501 2975 gravis
523 2899 620 2972 atque
643 2890 763 2956 oblivia
786 2890 931 2972 quaerit,

28 3003 176 3068 autetiam
198 3025 385 3090 properans¹
401 3007 511 3070 urbem
534 3007 614 3089 petit
635 3013 731 3088 atque
754 3005 888 3071 revisit.

28 3109 72 3176 loe
91 3137 121 3181 se
143 3120 280 3202 quisque
304 3121 398 3184 modo
422 3120 523 3202 sugit:
541 3128 574 3185 at
597 3141 713 3204 quom,
731 3120 870 3202 seilicet,
887 3127 922 3184 ut
943 3119 996 3195 tlt,
1068 3099 1071 3106 ¹

28 3227 142 3308 effugere
165 3235 242 3299 haut
265 3235 348 3317 potis
371 3241 439 3312 est,
456 3235 589 3319 ingratis
612 3234 726 3300 haeret
748 3240 780 3298 et
803 3233 870 3298 odit

27 3355 194 3428 pristamus,
212 3349 314 3413 nrorbi
338 3350 414 3430 quia
436 3370 568 3414 eausam
593 3369 657 3414 non
679 3355 768 3414 tenet
790 3369 905 3433 negem

27 3462 202 3536 quambene
227 3463 254 3526 si
278 3462 407 3540 videat,
424 3465 487 3528 iam
510 3465 606 3530 rebus
630 3463 764 3546 quisque
788 3463 906 3528 relictis

27 3581 145 3638 neuram
168 3579 302 3660 primum
327 3578 456 3643 studeat
478 3597 672 3662 eognosoere
696 3597 820 3656 rernm,

28 3691 155 3770 temporis
177 3692 299 3756 aeterni
323 3693 471 3774 quoniam
488 3742 496 3777 ,
513 3713 578 3757 nou
600 3693 695 3758 unius
718 3693 836 3770 horae,

28 3801 173 3884 uurbigitur
195 3813 318 3888 status,
334 3806 366 3870 iu
390 3827 453 3888 quo
476 3807 517 3871 sit
538 3807 726 3872 mortalibus
750 3807 853 3872 omnis

29 3919 119 4000 astes,
135 3927 206 4002 post
227 3927 360 3984 mortem
384 3940 467 4002 quae
490 3927 587 3986 restat
610 3941 743 4004 eumque
766 3919 953 3987 rnanenda.

69 4097 205 4109 --—....-—

32 4213 84 4262 1000
100 4219 162 4278 quoll
188 4219 201 4286 ΙΙ
229 4222 294 4269 loos
314 4219 399 4270 animo
423 4219 437 4288 ΙΙ
465 4225 527 4271 1061
550 4236 685 4287 perquem
706 4218 718 4288 ll
740 4219 1034 4290 menstruatarum„
1063 4223 1129 4271 1063

30 4303 173 4366 nneeiptter.
194 4307 206 4372 Ι,
231 4309 297 4355 1064
317 4307 411 4357 instas.
434 4305 447 4376 ΙΙ
470 4311 536 4358 1068
554 4325 628 4371 quern
649 4307 661 4376 ΙΙ
685 4309 751 4356 1069
765 4309 889 4371 ingratius
909 4306 924 4377 ΙΙ
946 4311 1011 4360 1013
1025 4310 1129 4359 Aeterni

30 4391 130 4448 uulporis
149 4391 163 4460 Η
185 4396 252 4442 1075
270 4396 413 4444 monendo.

907 4499 926 4562 8
