3096 5142
326 369 390 436 242
856 365 903 434 1v

324 542 405 607 mire
434 543 557 607 (luetur
582 538 623 606 do
650 537 736 604 bello
759 539 885 606 Gallico
908 559 938 622 V,
958 537 1003 604 32
1029 551 1058 604 et
1085 561 1156 604 oum
1176 563 1210 604 aa
1229 539 1327 604 mor'or
1347 559 1417 623 para

323 643 461 732 oqmiuie
482 643 519 708 u'u
540 665 690 731 mapoom
711 641 882 708 concellum
909 640 1108 723 muriam,
1130 665 1171 706 aa
1191 655 1321 728 ucraque
1335 651 1419 727 porte

324 747 392 812 eiua
413 745 511 811 uallis
533 739 635 811 subdo
656 767 689 810 ae
710 742 929 810 ostenderam.

407 845 481 914 548.
530 867 648 912 ronna
691 865 877 910 nurnrnua
904 893 913 911 .
943 845 1113 914 corrector
1156 845 1287 930 oblongi
1326 863 1420 908 anru-
1524 915 1525 932 ¹

323 969 458 1014 nunus.
1524 969 1525 1020 l

408 1050 482 1118 549.
504 1071 706 1116 nnnvonuu
726 1070 900 1116 annuus.
916 1047 1091 1116 Lambinus
1106 1049 1198 1117 dedit
1211 1049 1329 1136 primus
1343 1069 1421 1111 vrr·
1524 1047 1525 1112 l

323 1173 491 1218 aonuu.·
971 1199 973 1204 ,
1078 1157 1086 1174 '
1524 1149 1525 1236 l

409 1255 482 1324 553.
506 1277 603 1321 unna
622 1277 706 1321 runa
725 1275 918 1320 unornane
933 1255 1152 1324 Pnnvnnrnu
1174 1275 1248 1320 vox
1266 1274 1421 1328 eunoun.
1524 1243 1525 1330 l

324 1359 393 1424 Hoc
414 1379 456 1424 ne
471 1359 621 1446 Latinum
640 1356 771 1442 quidem
793 1363 864 1424 est.
889 1363 976 1424 reete
997 1378 1038 1424 ex
1060 1355 1285 1424 emendatione
1299 1353 1424 1423 Bentleii
1524 1347 1525 1432 l

323 1459 545 1527 Wakefieldns
559 1459 643 1526 mede
657 1481 730 1524 urs
748 1459 893 1547 prefacta
906 1483 1049 1548 quaeque
1064 1507 1073 1524 .
1088 1457 1148 1524 sed
1162 1478 1259 1526 versu
1272 1459 1336 1526 560
1349 1463 1423 1523 recto
1524 1453 1525 1546 i

323 1562 398 1629 libri
420 1569 546 1630 veteres
567 1562 683 1628 samiae
704 1585 804 1648 oeque
826 1557 917 1627 silam
931 1561 1168 1646 lucernorum,
1188 1561 1246 1628 nbi
1261 1559 1423 1627 Lambinus
1524 1589 1525 1608 1

324 1664 439 1732 audire
459 1689 560 1752 caque
582 1664 703 1730 hilum.
1524 1663 1525 1732 l

408 1768 482 1836 561.
505 1788 577 1839 oun
600 1786 680 1832 err.
703 1764 755 1832 ita
775 1764 934 1850 oblongos
954 1770 986 1831 et
1004 1764 1130 1832 Nonius
1151 1785 1184 1851 p.
1199 1765 1424 1852 173,16:qun·
1524 1743 1525 1812 l

324 1869 438 1937 drutus
461 1895 521 1956 que
532 1869 585 1958 fit.
1260 1929 1264 1938 ,
1524 1921 1525 1978 ,

408 1973 482 2040 567.
505 1970 716 2056 Onerandus
737 1991 893 2036 nonnam
915 1991 1069 2035 vannre.
1088 1971 1190 2037 Immo
1206 1991 1340 2054 vunnu,
1358 1967 1426 2053 qnia
1524 2003 1525 2040 γ

323 2082 548 2163 praecesserat
557 2075 705 2158 uadum,
723 2075 894 2140 Praeterea
905 2073 1140 2160 autemsaepe
1154 2097 1274 2157 uuam,
1288 2072 1341 2138 ubi
1355 2071 1425 2136 miro

324 2197 433 2245 errore
455 2177 626 2244 Praeterea
644 2175 787 2264 peditum
809 2175 969 2240 Antonius
990 2174 1193 2242 Florentium
1221 2183 1254 2242 et
1279 2174 1353 2240 olim
1377 2173 1425 2238 im·
1524 2183 1525 2200 *

324 2281 449 2367 pressi,
466 2278 554 2364 quod
576 2278 732 2346 Marullus
754 2275 831 2344 feeit
851 2275 1006 2343 edictum.

408 2383 482 2450 568.
505 2403 577 2446 non
599 2403 708 2447 nunus
731 2402 878 2445 unernrr
899 2401 1028 2446 ressa.
1047 2381 1165 2466 Recte,
1181 2387 1329 2468 utputo,
1345 2380 1426 2446 cen·

324 2487 420 2552 binus
442 2483 584 2550 aramei:
606 2483 668 2551 hoe
688 2483 774 2550 enim
796 2502 866 2550 eum
889 2483 1077 2551 accusativo
1097 2503 1163 2550 non
1185 2483 1285 2551 modo
1307 2483 1427 2548 Plautus

323 2587 383 2655 sed
398 2585 563 2654 Lucretius
577 2587 669 2672 ipse,
684 2591 720 2651 ut
733 2586 881 2670 videtur,
897 2586 1002 2651 iunxit
1016 2585 1051 2651 in
1070 2609 1100 2671 v,
1118 2587 1182 2653 608
1203 2601 1321 2674 sopater
1341 2586 1427 2671 stipo

324 2690 434 2776 lacque
460 2687 602 2754 uidemus
623 2685 778 2754 Aecum
805 2712 845 2755 aa
869 2711 937 2753 uua
963 2687 1104 2753 termille
1124 2689 1276 2756 incendia
1297 2687 1427 2776 parum,

324 2790 473 2877 quamvis
482 2789 562 2855 alibi
572 2808 641 2855 eum
651 2789 894 2875 praepositione
901 2789 1020 2856 dixerit
1029 2809 1064 2874 rr,
1074 2789 1157 2856 1024
1164 2787 1428 2857 ηουαηεωοῐιῖαν

324 2894 370 2960 ad
384 2894 476 2960 aurio
491 2890 663 2958 Accidere.
680 2898 715 2956 at
728 2891 868 2958 iactitare
883 2891 1103 2958 accusativum
1118 2892 1174 2957 vix
1188 2891 1348 2958 admittit:
1362 2905 1428 2952 nanu

323 2997 363 3062 N.
379 2994 532 3062 Heinsius
547 2993 685 3078 erravit,
702 3013 773 3059 eum
789 2993 962 3078 adscripsit
976 2991 1094 3060 Ouidio
1109 3000 1238 3060 motam.
1255 3014 1310 3075 vn,
1325 2989 1385 3058 524
1401 2993 1429 3052 et

323 3096 468 3180 Vergilio
492 3097 572 3162 Aen.
587 3117 632 3174 rx,
648 3095 708 3162 721
724 3145 732 3160 .
748 3095 790 3161 de
811 3095 905 3161 Livio
927 3101 1034 3161 umen
1056 3115 1096 3162 ao
1116 3095 1231 3162 Tacito
1254 3093 1427 3160 dubitatur:

325 3197 496 3284 Apuleium
513 3197 561 3262 ita
579 3197 820 3282 praepositione
834 3198 957 3263 omissa
970 3196 1092 3264 dixisse
1107 3204 1253 3282 constat,
1270 3193 1345 3263 vide
1359 3195 1430 3259 Dra·

324 3299 557 3366 kenborohium
573 3299 616 3364 ad
631 3299 716 3365 Liuii
731 3299 849 3364 librum
864 3321 898 3383 n,
911 3299 962 3383 30,
979 3298 1041 3364 13.
1057 3299 1177 3365 Paulus
1192 3300 1227 3365 in
1243 3298 1264 3363 l.
1276 3297 1319 3364 34
1332 3317 1378 3382 pr.
1393 3293 1427 3358 D.

325 3401 366 3467 de
382 3421 412 3466 o.
430 3407 461 3466 ct
476 3420 506 3468 a.
522 3402 637 3485 annal
659 3401 725 3482 Qui
740 3425 863 3467 ceruum
886 3401 1026 3467 alianum
1047 3401 1202 3467 iniuriose
1222 3401 1380 3479 uerberat,
1394 3419 1429 3460 a

323 3527 386 3570 uuo
398 3503 492 3590 facto
513 3501 627 3568 5555151
649 3516 677 3569 at
692 3503 859 3590 Aquileiam
879 3515 908 3570 et
929 3503 1082 3568 moenem
1103 3504 1319 3569 iniuriarum.
1334 3515 1427 3582 noque

324 3606 416 3672 aliter
438 3623 517 3672 sane
531 3604 699 3670 Lucretius
721 3629 809 3672 mare
830 3629 912 3692 quae
933 3603 1103 3691 imperdere
1113 3654 1122 3688 ,
1137 3603 1179 3670 de
1194 3624 1259 3688 quo
1275 3603 1377 3669 diuam
1390 3595 1426 3662 ad

323 3707 440 3774 librum
455 3729 498 3792 vr,
513 3706 601 3774 489.
622 3707 754 3773 Gratius
770 3706 834 3772 244
855 3707 979 3772 Rasum
1000 3729 1079 3794 opus
1100 3707 1265 3772 increbuit.
1285 3701 1427 3772 scholia&

324 3815 373 3876 tce
392 3811 487 3877 Statii
508 3807 552 3874 ad
571 3807 672 3875 Theb.
688 3811 787 3894 vm‚1
811 3810 902 3875 Vetus
925 3809 1055 3875 elocutio
1078 3823 1123 3876 aet
1138 3835 1201 3898 per
1222 3809 1363 3876 Meum
1382 3827 1426 3868 eu

324 3935 418 3994 eam,
441 3910 555 3976 u‘ueu'de't
575 3913 696 3978 umbrie
712 3911 908 4000 pallentibus
927 3957 935 3974 .
961 3910 1118 3979 Claudius
1139 3911 1271 3978 ‘Heraios
1292 3905 1428 3976 recedent

197 4035 203 4046 ·
323 4014 450 4099 uesperi
460 4013 669 4079 Numantinis
683 4013 825 4079 iues‘ds't'.
846 4035 884 4077 ac
899 4013 1011 4097 (immo
1026 4012 1073 4099 at)
1091 4015 1254 4080 Terentius
1272 4037 1332 4100 per
1345 4031 1426 4076 accc·

323 4115 459 4180 sativum
477 4115 611 4200 protulit
628 4113 770 4200 (Phorm.
783 4137 804 4199 1,
816 4115 846 4198 3,
860 4113 936 4198 23),
952 4113 1036 4202 ‘erpo
1058 4119 1092 4181 s'u
1114 4141 1184 4182 eum
1198 4114 1312 4182 immet
1325 4111 1426 4198 (immo

324 4239 380 4303 eqo
399 4251 442 4263 -·
462 4215 567 4282 iuos'ds'
586 4215 730 4302 locum)’‚
753 4230 914 4302 tamquam
941 4218 976 4281 uir
1001 4241 1069 4283 rem
1091 4217 1326 4304 periculosam.
1348 4203 1426 4295 apul

323 4317 471 4385 Servium
486 4318 530 4384 ad
545 4319 624 4384 Aen.
640 4339 683 4400 ar,
697 4319 760 4385 699
777 4313 905 4383 Claudii
922 4317 1130 4403 Quadrigarii
1146 4319 1247 4386 verba
1262 4315 1356 4382 hodie
1368 4327 1425 4377 non

324 4419 495 4506 leguntur,
510 4439 616 4503 noque
631 4437 672 4484 ea
686 4419 769 4486 inter
780 4419 970 4506 frequenta
992 4421 1211 4488 5515455555
1229 4437 1312 4504 quae
1327 4415 1425 4481 dieun-

325 4526 376 4585 tnr
398 4524 504 4590 relata
526 4522 675 4590 invenio.
