3036 5150
626 401 640 466 1
1167 403 1208 468 39

189 573 259 638 411.
283 571 361 636 Hoc
391 592 465 634 orm
493 591 683 634 osrrsno.
701 570 829 656 Optime
857 571 1013 638 Antonius
1041 572 1135 638 Marii
1163 595 1210 636 nr

14 686 15 756 j
117 695 225 738 russo
238 723 247 740 .
261 675 296 739 in
324 694 420 740 versu
442 680 518 740 ante
541 675 625 739 hune
647 675 794 760 proximo
818 673 994 758 quadratus
1017 682 1049 740 et
1070 675 1211 741 schedae

114 779 232 863 paulam
253 801 326 842 vere
346 778 535 843 abscesseris
557 779 596 842 ob
618 802 663 842 re.

186 879 258 944 412.
282 901 303 942 s
317 900 506 944 reuersus
521 901 694 944 unusne.
711 882 761 944 lta
772 879 952 962 oblongus:
969 880 1039 946 eius
1052 889 1211 947 corrector

13 973 17 1046 ἶ,
115 1003 261 1065 neoris,
287 983 398 1065 itaque
420 983 578 1048 Antonius
600 982 692 1047 Marii
716 987 749 1046 et
770 983 939 1066 impressi.
956 983 1014 1048 sed
1038 983 1123 1048 idem
1143 1003 1210 1049 eor·

13 1109 19 1191 ἶ
116 1093 206 1150 rsotor
226 1091 540 1170 praetermorem,
564 1084 651 1168 quod
667 1083 786 1150 habent
801 1083 978 1168 quadratus
1002 1092 1034 1150 et
1048 1084 1209 1152 sehedae.

187 1188 258 1252 414.
284 1185 338 1252 Ur
361 1209 501 1254 uorsa.
519 1187 685 1253 Correotor
709 1187 840 1270 oblongi
871 1189 911 1254 Ut
933 1209 1089 1252 osanna.

187 1291 260 1356 433.
282 1289 357 1356 434.
380 1290 464 1354 Nan
493 1311 592 1362 ouon
623 1311 773 1361 eunoun
802 1311 909 1371 nam,
938 1311 1024 1354 ussa
1053 1311 1210 1362 eunoun>

13 1430 16 1439 ·
114 1414 261 1456 neuneu·
283 1413 321 1454 11>
344 1412 455 1456 IPSUH
470 1395 644 1457 AUGMINE
668 1414 735 1455 VEL
758 1413 896 1456 eanum
920 1415 987 1457 VEL
1010 1415 1132 1458 Psuvo
1148 1417 1211 1458 DE·

112 1517 235 1574 ruens,
250 1515 328 1558 nou
343 1515 421 1556 ero.
438 1494 609 1562 Oreeohius
624 1494 705 1560 haee
720 1497 766 1560 ite
781 1496 1025 1580 interpretatur,
1043 1496 1211 1582 ‘Quicquid

112 1599 190 1664 euim
201 1604 266 1679 est,
282 1597 462 1680 quantitate
474 1598 604 1682 aliqua,
620 1615 740 1680 magna
753 1605 809 1663 aut
820 1617 924 1683 parve
934 1598 1099 1682 donatnr‚’
1117 1601 1211 1683 quasi

12 1763 15 1780 ,
111 1703 259 1788 seriptum
290 1699 333 1764 sit
358 1699 467 1786 olr'qoo
489 1701 658 1786 eugeniae.
680 1699 737 1764 sed
764 1691 868 1784 neque
894 1725 1029 1786 augmen
1051 1703 1213 1784 quantitas

111 1813 172 1889 est,
196 1821 302 1886 neque
324 1807 427 1867 taetus
450 1807 482 1867 et
496 1801 640 1866 intactile
656 1800 755 1884 (haee
777 1803 861 1868 enim
878 1803 1046 1884 reeuntur)
1060 1803 1213 1868 differunt

110 1907 186 1973 inter
214 1925 250 1971 se
276 1912 333 1970 aut
355 1905 534 1988 quantitate
556 1911 612 1969 aut
634 1905 806 1987 augmine.
822 1923 935 1971 versus
958 1905 1045 1988 prior
1066 1923 1212 1970 seorsum

109 2011 228 2096 positus
250 2008 408 2090 integram
431 2007 620 2073 sententiam
644 2008 883 2091 complectitur,
913 2009 1000 2072 Nam
1023 2007 1108 2093 qaod
1128 2031 1211 2072 eam-

108 2137 163 2198 que
185 2113 246 2177 sn't
257 2160 266 2192 ‚
289 2133 354 2176 esse
376 2109 504 2195 ole‘qar’d
524 2109 643 2175 debebit
663 2110 701 2175 id
721 2113 826 2196 ipsam
839 2135 850 2192 ‚·
865 2109 988 2175 scilieet
1007 2105 1053 2189 ὡς
1066 2107 1109 2176 ool
1131 2103 1210 2175 καθ’

109 2211 184 2294 ὅλας
205 2209 325 2300 φύσεις
341 2205 577 2294 λαμβανόμενα
592 2210 649 2278 καὶ
662 2210 707 2298 μῆ
725 2205 770 2290 ὡς
784 2210 826 2278 roi
840 2207 967 2280 τούτων
981 2207 1218 2296 συμπτώματα

108 2309 127 2404 ἢ
147 2309 381 2402 συμβεβηκότα
404 2308 575 2398 λεγόμενα,
599 2335 682 2399 quae
704 2315 796 2380 addit
811 2315 968 2400 Epienrus
990 2316 1076 2402 apud
1099 2318 1214 2399 Dioge·

107 2441 175 2486 nem
190 2442 233 2505 x,
255 2419 319 2484 40.
335 2417 396 2483 hoo
418 2424 524 2482 antem
544 2416 673 2504 olr'qoid
692 2424 747 2482 aut
769 2419 878 2484 tactile
900 2425 1028 2484 estant
1050 2420 1213 2502 intaotile;

107 2523 207 2588 taisi
215 2534 317 2586 taetros
329 2521 389 2584 ersi
400 2521 545 2606 quamvis
557 2520 634 2586 beoo'e
647 2521 855 2606 magnasque,
869 2522 1085 2608 Auqmioeoeb
1093 2522 1218 2609 gyrardi

105 2625 152 2690 reb
162 2647 267 2712 parvo
284 2622 418 2708 deas'qoe
433 2621 529 2705 (dam
551 2622 611 2705 αἰ)
626 2622 776 2709 Corporis
799 2625 925 2711 augebit
946 2649 1110 2690 numerum
1132 2649 1214 2688 som-

9 2793 10 2796 ,
105 2737 438 2814 mmnqoe,seqaetur.
460 2743 539 2807 ergo
561 2723 622 2790 hoe
644 2724 756 2790 ordine
778 2744 891 2791 versus
914 2733 990 2792 sunt
1011 2725 1213 2792 oollooandi.

185 2829 262 2895 438.
288 2847 358 2890 rna
380 2847 420 2889 sn
435 2847 632 2890 rasusnon
646 2875 654 2892 .
670 2826 838 2894 Gerreotor
854 2830 985 2914 oblongi
1008 2849 1212 2895 renueras.

8 2903 10 2956 j
106 2933 210 3017 potnit
233 2950 306 2996 esse
328 2931 503 2994 αααααίτα.

186 3034 264 3100 442.
288 3035 367 3098 Aur
390 3051 474 3094 nam
496 3053 542 3096 ur
563 3031 845 3098 rossuur.ltali
866 3037 898 3096 et
912 3032 1059 3116 impressi
1082 3048 1214 3100 utros·

105 3161 211 3203 ema.
229 3137 307 3203 olim
322 3155 373 3201 me
388 3132 551 3219 stupidum
574 3142 606 3200 et
621 3135 757 3201 bardum
780 3135 947 3214 dioebam,
971 3153 1042 3202 oum
1064 3135 1215 3200 videbam

8 3301 9 3306 ,
106 3239 308 3308 Wakefieldo
337 3235 525 3303 Eiohstadio
556 3237 730 3321 Forbigero
757 3237 888 3324 probari
914 3241 974 3304 erit
1003 3252 1036 3303 or
1062 3251 1214 3325 possam,

8 3397 9 3400 ,
105 3365 209 3429 neque
233 3361 297 3426 ego
318 3340 352 3406 id
375 3360 492 3426 sapere
513 3349 680 3427 poteram:
696 3341 754 3408 sed
777 3347 843 3423 tum
866 3359 921 3406 eos
942 3341 1082 3407 nondum
1098 3359 1216 3424 eogno-

106 3467 237 3513 veram.

188 3549 265 3616 449.
303 3548 388 3614 usn
419 3565 518 3618 euna
551 3567 701 3618 eunoun
736 3567 891 3630 cunnus,
929 3567 1002 3612 sur
1035 3567 1094 3612 rus
1128 3566 1216 3610 cou-

106 3671 243 3717 rusoro
273 3669 422 3714 nooeos
444 3648 569 3713 Rosos
597 3670 642 3712 ss
672 3670 867 3716 mvssras.
891 3648 1060 3715 Correetor
1082 3649 1215 3732 oblongi

106 3763 136 3821 et
157 3755 286 3822 Nonius
308 3773 340 3838 p.
356 3753 429 3836 203,
453 3752 495 3817 32
517 3773 658 3816 cousus
680 3758 713 3818 et
735 3773 949 3818 eomundus
972 3773 1140 3817 nunnus.

188 3857 264 3922 451.
289 3875 389 3927 onon
408 3875 579 3925 uosoonu
600 3875 681 3918 smn
701 3855 1217 3938 rnanrrsna1.00rreetorqua-

106 3961 189 4026 drati
206 3966 240 4024 et
253 3959 413 4024 Antonius
428 3955 633 4024 Florentium
648 3979 898 4044 emansorem
921 3957 1008 4043 quod
1024 3977 1095 4023 eum
1112 3976 1217 4024 exem·

106 4063 247 4148 plurium
262 4061 489 4146 impressorum
505 4067 652 4127 auctores
672 4062 768 4147 paulo
792 4063 910 4128 rectius
933 4062 1129 4146 seriberent,
1153 4080 1218 4126 non

107 4163 273 4232 debebant
296 4163 389 4228 simul
412 4162 519 4229 faeere
541 4188 725 4250 nunquam.

192 4265 269 4334 452.
292 4285 411 4336 eroon
439 4287 649 4330 orandum.
667 4267 834 4334 corrector
856 4267 988 4352 oblongi
1010 4291 1104 4353 seque
1126 4287 1218 4330 onn-

109 4391 221 4436 onan.

191 4471 270 4538 453.
300 4469 375 4536 434.
408 4489 554 4536 romnus
591 4491 654 4536 orn
687 4493 814 4555 sarus,
851 4493 970 4537 onnon
1004 4491 1128 4554 1os1s,
1166 4489 1219 4533 nt·

110 4595 207 4648 euos
229 4593 375 4658 neusa,
402 4575 552 4638 Trerus
575 4593 808 4640 ooaroaseue
831 4596 1007 4662 currens,
1034 4593 1218 4639 sursorus
