3052 5150
664 295 714 360 III
978 287 985 303 ⁶
1183 303 1244 370 199

145 462 205 526 Tuo
226 463 375 530 thebaicae
386 513 396 546 ,
417 489 433 530 c
444 464 525 550 fero
547 466 678 532 olrbsum
689 515 697 548 ,
714 491 775 532 scu
797 470 959 555 occupati,
975 471 1063 536 Noai
1081 472 1242 556 umbilici,

142 561 188 628 dic
208 565 302 630 crebri
310 588 321 632 .·
336 565 469 633 Horatio
484 568 517 632 in
533 568 708 634 carminum
723 591 768 654 111,
781 569 820 634 21
845 589 910 636 non
933 573 1037 638 ausim
1059 571 1243 640 adscribere

140 689 217 731 maro
240 668 433 752 recaluisse,
449 675 481 734 et
503 667 638 762 Ovidius
660 670 750 738 hiare
766 672 880 738 maluit
894 693 1040 742 amorum
1061 697 1096 759 11,
1115 677 1163 761 13,
1180 676 1219 741 21
1234 725 1246 760 ,

136 771 339 856 precibusque
352 769 519 856 mac'efcue
533 771 686 860 Ilclyla.
702 773 761 839 aed
776 774 862 858 quod
878 777 1019 844 maxime
1034 778 1243 844 memorabile

140 877 201 954 est,
218 890 284 937 non
299 871 419 955 exigna
434 891 510 958 pars
525 879 691 958 poetarum
708 876 749 942 ab
769 877 1149 946 elisionevoeabulorun
1163 886 1242 946 tam·

138 972 275 1038 bicorum
287 975 418 1042 omnino
424 975 659 1044 abstinuerunt:
672 980 808 1064 primum
816 981 946 1064 quidem
954 982 1145 1067 quicumque
1151 1002 1241 1069 prae·

137 1084 180 1144 ter
202 1076 362 1144 Catullum
385 1085 417 1144 et
431 1079 634 1165 Propertium
650 1081 798 1148 Undenis
817 1083 1019 1170 pedibusque
1042 1084 1242 1170 syllabisque

136 1178 347 1264 scripserunt,
368 1179 514 1248 Tibullus
542 1201 613 1257 cum
639 1183 808 1270 Lygdamo
837 1191 869 1252 et
894 1186 1062 1272 Sulpicia,
1083 1186 1240 1274 Ovidius,

137 1280 342 1367 Priapeorum
356 1287 472 1366 poetae
484 1333 493 1368 ,
507 1285 665 1350 Martialis
678 1335 686 1368 ,
698 1286 757 1352 sed
772 1286 862 1354 multi
877 1307 1006 1372 quoque
1021 1289 1101 1374 alii,
1117 1290 1241 1358 Ennius

135 1383 164 1448 in
190 1383 407 1469 hexametris,
432 1385 535 1452 Varro
562 1394 653 1454 extra
679 1388 838 1456 Sotadeos
851 1390 1069 1476 ,·Lucretius,
1091 1391 1240 1460 Valerius

18 1565 19 1568 Ἴ
134 1485 228 1570 Cato,
246 1485 396 1574 Gratius,
412 1489 583 1575 Manilius,
605 1491 729 1559 lliadoe
751 1493 930 1578 interpres,
951 1493 1148 1581 Columella,
1164 1496 1240 1561 Par·

133 1589 216 1656 sina.
232 1590 267 1654 in
295 1590 567 1676 hendecasyllabo
594 1601 721 1679 mmen,
738 1602 772 1660 ct
799 1603 896 1681 puto,
919 1596 1093 1664 Bibaculus
1116 1597 1244 1684 duplici

133 1705 200 1780 erpa
220 1695 382 1761 rhvolrltus
403 1692 492 1780 apud
515 1693 694 1764 charisium
721 1717 753 1782 p.
773 1697 852 1764 102.
868 1699 902 1762 in
925 1697 1063 1784 Priapeo
1086 1700 1128 1766 64
1155 1701 1239 1766 male

133 1803 239 1861 contra
261 1797 407 1862 codicum
423 1795 518 1862 fidem
539 1798 689 1865 scribitur
703 1801 861 1866 sustineas
884 1799 941 1866 elic
956 1807 1127 1868 auctricem:
1143 1801 1240 1868 debet

131 1917 198 1965 ease
208 1899 334 1966 Parum
349 1900 491 1987 estquod
500 1949 509 1982 ,
525 1902 575 1966 bic
586 1901 763 1986 ctfioeirrruc
774 1903 870 1968 amuel
879 1901 1002 1986 sedem,
1020 1904 1140 1990 Aperite
1152 1917 1238 1970 terra

51 2079 58 2100 ι
96 2071 106 2090 ο
127 2025 183 2086 per
196 2003 377 2068 caniculam
391 2006 492 2070 rirrrue
506 2003 711 2070 Scliculcaam
730 2005 919 2072 rusticamur
934 2019 1102 2072 aestatem.
1118 2025 1160 2072 ex
1173 2007 1238 2072 ele·

130 2103 293 2184 giacorum
309 2125 441 2172 numero
465 2105 685 2191 excerpendae
700 2112 750 2172 est
771 2108 827 2191 qui
847 2108 1026 2192 composuit
1047 2106 1237 2174 adMessal·

129 2205 189 2272 lam
213 2225 365 2295 carmen,
383 2209 417 2274 in
437 2229 500 2295 quo
523 2215 572 2276 est
586 2211 682 2274 rubro
697 2209 787 2275 Eleis
801 2209 863 2294 32,
881 2210 956 2276 item
979 2211 1034 2294 qui
1056 2211 1185 2296 scripsit
1203 2211 1237 2276 in

21 2377 22 2390 ,
129 2309 264 2392 epistula
285 2310 430 2378 Helenae
445 2313 485 2378 97
507 2313 605 2378 Dahae
630 2335 697 2377 meo
720 2313 881 2400 camapio.
897 2310 956 2378 aed
983 2313 1017 2378 in
1040 2311 1179 2399 Priapeo
1195 2311 1237 2379 84

129 2410 331 2478 scribendum
347 2419 396 2480 est
417 2415 494 2480 Vere
507 2437 601 2497 roca,
615 2415 718 2500 perturb
732 2427 902 2498 autumno,
918 2433 984 2480 non
998 2438 1073 2480 roca
1087 2420 1237 2482 amimae

125 2517 247 2600 pomrh:
263 2521 361 2600 atque
376 2516 410 2582 in
425 2515 541 2583 Ovidic
564 2535 707 2582 amorum
730 2537 764 2600 11,
784 2517 832 2599 19,
849 2517 892 2584 20
913 2523 945 2583 et
965 2519 998 2582 in
1016 2517 1165 2584 Martiale
1180 2539 1235 2603 vu,

128 2611 175 2700 20,’
186 2618 231 2683 20
242 2617 395 2683 Heinsius
406 2619 572 2704 peccavit,
589 2638 661 2685 cum
677 2618 752 2686 fecit
767 2620 840 2686 trine
851 2619 991 2686 resectas
1007 2625 1038 2685 et
1049 2619 1138 2686 domo
1153 2625 1236 2686 lecu-

128 2718 181 2786 lr'c.
197 2718 286 2806 quod
309 2727 417 2786 antem
437 2724 472 2788 i'n
493 2742 625 2808 operum
642 2720 875 2790 Ouidianomm
891 2722 1130 2808 corruptissimo
1153 2722 1236 2802 (tris-

127 2823 265 2907 tiadico)
276 2823 560 2915 legiturdisticbon
569 2823 611 2890 ab
621 2825 707 2890 omni
719 2831 811 2910 parte
823 2824 1014 2909 absurdum,
1028 2823 1109 2890 libro
1122 2845 1155 2906 11,
1162 2823 1234 2906 295,

135 2928 257 2994 Venerit
276 2928 313 2992 'irc
335 2927 449 3012 mcpai
461 2927 629 3014 templum,
645 2941 700 2993 tua
720 2951 873 3011 munera,
889 2929 1027 3008 Martie,
1043 2925 1113 2992 erar
1134 2926 1235 2990 Venus

133 3029 238 3095 Ultori
256 3030 365 3094 iuncta
385 3030 454 3094 ciro
476 3042 548 3096 uate
559 3015 655 3116 fores
677 3031 768 3116 (nam
787 3049 891 3114 neque
913 3030 948 3094 in
961 3026 1116 3112 templum
1139 3025 1236 3092 intrat

128 3132 178 3215 qui
201 3150 243 3196 aa
266 3149 351 3218 qnae
373 3137 449 3197 ante
472 3130 558 3198 fores
581 3140 655 3199 sunt
673 3132 785 3199 videre
807 3133 894 3216 vult,
911 3149 1016 3215 neque
1031 3129 1118 3195 Mars
1133 3129 1234 3196 Vene-

127 3234 169 3299 ris
190 3235 241 3300 vir
263 3239 321 3318 est,
343 3233 402 3300 sed
416 3234 613 3320 Vulcanus),
630 3234 664 3302 id
687 3254 882 3321 quamquam
903 3231 1075 3318 emendare
1097 3252 1162 3298 non
1177 3251 1233 3318 pc-

127 3343 245 3421 teram,
266 3356 332 3403 non
357 3343 464 3404 manen
491 3345 662 3423 propterea
690 3338 859 3404 credebam
888 3335 1039 3403 Ovidium
1063 3336 1135 3414 ⁴ciro
1162 3339 1234 3401 cute

127 3440 265 3506 scribere
280 3439 425 3524 potuisse
437 3433 581 3525 ,quippe
603 3441 658 3525 qui
678 3441 713 3506 in
734 3447 824 3507 tanto
841 3439 1017 3505 carminum
1039 3457 1171 3503 numero
1186 3437 1233 3502 ni-

127 3540 169 3606 hil
183 3561 321 3626 usquam
342 3542 447 3608 simile
467 3561 565 3608 ausus
578 3549 674 3632 ‚esset
685 3565 693 3606 ε
705 3563 790 3610 nunc
803 3542 905 3608 Maur.
921 3539 1079 3626 Hauptins
1102 3559 1232 3606 manum

127 3651 240 3727 poetae
257 3643 481 3710 emendatione
497 3643 711 3728 pulcherrima
726 3645 864 3712 restituit
883 3644 949 3720 ita,
966 3642 1035 3709 Stat
1056 3643 1158 3708 Venus
1180 3642 1232 3708 Ul·

127 3749 188 3812 um'
198 3749 326 3831 iuncta,
341 3747 393 3813 cir
404 3747 596 3832 anteferes.
613 3745 698 3812 idem
713 3754 821 3813 tamen
835 3743 971 3812 Ovidius
986 3745 1067 3810 lucis
1078 3764 1142 3809 non
1154 3763 1232 3829 pau-

128 3848 170 3914 cis
192 3863 237 3916 est
259 3869 331 3915 curn
354 3848 519 3930 vocabulis
533 3849 682 3916 ‘iambicis
706 3847 846 3932 collisit,
863 3849 895 3912 in
919 3867 983 3932 quo
1006 3845 1145 3914 dubitari
1168 3867 1233 3912 non

127 3957 229 4034 potest
250 3951 329 4036 quin
344 3975 361 4017 e
383 3951 522 4018 litteram
542 3953 778 4037 suppresserit,
795 3963 895 4034 tuost,
910 3963 1045 4032 meamt,
1061 3950 1169 4032 locist,
1185 3973 1232 4015 sc·

128 4051 197 4136 brt,
208 4066 327 4142 repert,
342 4053 443 4136 diuet,
456 4055 570 4120 necet.
584 4059 682 4138 atque
693 4051 808 4120 eadem
820 4053 916 4136 haec,
930 4071 970 4118 cx
981 4053 1022 4118 iis
1033 4051 1138 4137 poetis
1151 4070 1231 4136 quos

129 4156 310 4223 cautissime
332 4156 367 4220 in
388 4153 450 4236 hoc
471 4174 591 4239 genere
614 4163 759 4250 versatos
783 4175 854 4222 esse
877 4153 965 4238 dixi,
982 4153 1101 4220 habent
1115 4153 1230 4218 Luere-

128 4256 206 4343 tius,
221 4259 370 4324 Tibullus
384 4278 427 4343 rv,
440 4257 502 4342 4,l
519 4257 627 4323 maliet
642 4263 674 4324 et
687 4257 722 4322 in
734 4257 871 4348 Priapeo
887 4258 990 4324 uocet
997 4305 1009 4341 ,
1027 4255 1156 4323 Gratius
1166 4253 1231 4318 412

129 4361 251 4445 mulcet,
268 4360 422 4426 Manilius
433 4382 467 4445 11,
474 4359 536 4424 427
545 4359 606 4426 491
617 4361 723 4446 pariat
735 4367 765 4426 et
772 4361 871 4426 Ioviet
876 4410 885 4444 ,
898 4359 1070 4446 Priapeum
1084 4356 1122 4421 16
1134 4358 1231 4421 circat

130 4465 160 4524 et
168 4460 207 4526 41
220 4476 326 4548 meoet,
339 4463 469 4529 Persius
481 4483 524 4546 rv,
538 4462 576 4528 ll
590 4463 709 4546 boniet,
725 4461 884 4530 Martialis
895 4485 941 4548 111,
953 4463 993 4528 97
1006 4471 1120 4542 meost,
1133 4479 1176 4544 rv,
1190 4457 1230 4522 16
