2996 5148
369 419 432 484 216
914 414 955 476 Vl

371 583 493 666 semina
516 587 707 650 concurrunt
730 581 825 648 calidi
848 581 984 667 fulgoris
1007 584 1049 648 ad
1072 585 1190 650 ictum.

372 699 417 776 sic
439 699 536 780 igitur
558 716 686 781 quoque
707 716 759 764 res
781 697 915 764 accendi
937 697 1070 766 fulmine
1085 698 1207 774 debet,

372 821 551 898 opportuna
572 812 631 878 suit
651 811 680 878 si
702 813 783 880 forte
806 819 837 878 et
859 813 976 880 idonea
997 813 1155 881 flammis.

373 947 433 992 neo
454 934 574 994 temero
596 929 725 992 omnino
748 927 845 1011 plane
866 927 914 992 vis
937 926 1055 1012 frigida
1077 930 1163 994 venti

297 1062 348 1110 sao
371 1062 443 1109 esse
465 1049 591 1128 potest,
607 1062 647 1109 ea
669 1061 752 1125 quae
775 1049 863 1108 tanta
885 1042 917 1106 vi
939 1043 1040 1108 missa
1062 1053 1248 1130 supernest,

373 1158 470 1243 quin,
486 1157 574 1243 prius
596 1159 629 1224 in
652 1178 746 1222 cursu
768 1157 797 1224 si
819 1179 882 1222 nou
905 1159 1091 1226 accenditur
1112 1159 1200 1243 igni,

375 1279 408 1336 at
429 1271 594 1356 tepefacta
616 1280 724 1340 tamen
745 1272 854 1338 veniat
875 1275 1047 1340 commixta
1069 1276 1201 1340 calores

411 1387 573 1454 Mobilitas
595 1395 701 1454 autem
723 1387 758 1454 fit
779 1388 920 1456 fulminis
942 1397 975 1454 et
997 1390 1106 1470 gravis
1127 1390 1227 1474 icus,

374 1507 406 1568 et
428 1503 523 1570 celeri
547 1503 647 1570 fermo
668 1510 855 1590 percurrunt
878 1504 1010 1570 fulmina
1030 1506 1143 1590 lapsu,

299 1637 349 1686 333
373 1619 511 1686 nubibus
532 1621 604 1704 ipsa
627 1619 713 1705 quod
735 1620 864 1686 omnino
887 1622 975 1706 prius
996 1621 1094 1688 incita
1116 1640 1152 1686 se
1174 1621 1221 1688 vis

375 1735 498 1818 colligit
519 1742 550 1800 et
572 1756 723 1821 magnum
745 1757 903 1804 conamen
923 1736 1019 1802 sumit
1041 1735 1156 1810 eundi,

375 1847 451 1914 inde
474 1850 527 1914 ubi
552 1871 616 1916 non
641 1855 740 1935 potuit
762 1853 864 1918 nubes
887 1871 1004 1938 capere
1025 1851 1141 1935 inpetis
1163 1857 1315 1939 auctum,

376 1964 562 2048 exprimitur
583 1967 631 2031 vis
653 1974 751 2050 atque
774 1969 846 2034 ideo
870 1969 959 2032 volat
981 1967 1098 2051 impeto
1120 1966 1220 2050 miro,

376 2083 410 2141 ut
431 2079 546 2144 validis
569 2101 653 2164 quae
676 2083 716 2147 de
738 2056 904 2148 tormentis
927 2083 1026 2148 missa
1048 2081 1210 2148 feruntur.

300 2212 350 2260 333
375 2193 459 2258 addo
481 2195 569 2278 quod
591 2215 609 2262 e
633 2198 739 2280 parvis
762 2204 794 2264 et
815 2199 939 2264 levibus
961 2204 1011 2264 est
1033 2197 1219 2282 elementis,

375 2328 435 2374 nec
457 2309 585 2379 facilest
606 2315 661 2379 tali
685 2321 818 2380 naturae
841 2315 997 2399 opsistero
1021 2314 1210 2396 quicquam:

375 2423 456 2488 inter
478 2428 561 2493 enim
585 2427 667 2514 fugit
689 2449 728 2496 ac
750 2435 897 2516 penetrat
918 2447 976 2512 per
997 2447 1073 2492 rara
1094 2427 1237 2505 viarum,

376 2559 438 2604 non
462 2543 559 2623 igitur
580 2545 687 2611 multis
710 2546 883 2612 offensibus
905 2545 938 2610 in
961 2541 1151 2608 remorando

375 2655 533 2734 haesitat,
549 2657 634 2726 banc
656 2663 697 2728 ob
720 2681 786 2727 reru
811 2661 904 2726 celeri
928 2659 1017 2724 volat
1037 2660 1156 2741 impete
1177 2658 1313 2726 labens.

301 2791 352 2840 333
378 2771 572 2858 adde·quod
596 2778 725 2844 omnino
750 2783 862 2842 ustura
883 2776 1028 2861 pondera
1050 2775 1201 2840 deorsum

376 2888 482 2954 omnia
503 2890 663 2977 nituntur,
681 2912 753 2958 cum
775 2892 900 2976 plagast
922 2889 1035 2956 addita
1056 2907 1155 2964 vero,

376 3005 536 3070 mobilitas
558 3007 738 3092 duplicatur
761 3013 792 3074 et
813 3008 950 3092 impetus
971 3006 1026 3072 ille
1048 3005 1227 3091 gravescit,

376 3125 411 3186 ut
433 3123 609 3188 venentius
631 3128 662 3186 et
685 3123 778 3189 citius
801 3143 891 3206 quoe·
908 3141 1043 3204 cumque
1066 3129 1230 3186 morantur

374 3235 471 3301 obvia
493 3235 643 3302 discutiat
664 3239 768 3322 plagis
791 3239 947 3320 itinerque
969 3243 1141 3319 sequatur.

301 3368 351 3417 olo
375 3349 511 3434 denique
535 3353 620 3436 quod
643 3354 739 3438 longo
760 3355 849 3418 venit
869 3354 1006 3436 impete,
1023 3371 1148 3418 sumere
1171 3351 1266 3418 debet

377 3466 584 3532 mobilitatem
607 3468 702 3533 etiam
725 3475 821 3552 atque
844 3469 960 3546 etiam,
978 3487 1063 3552 quae
1086 3468 1201 3533 crescit
1221 3469 1330 3532 eundo

377 3586 408 3644 et
430 3580 557 3646 validas
580 3589 676 3666 auget
697 3584 775 3650 viris
797 3589 829 3649 ot
849 3584 981 3648 roborat
1002 3583 1120 3649 ictum:

377 3715 450 3760 narn
472 3696 547 3762 facit
568 3705 603 3762 ut
626 3719 710 3780 quae
733 3699 797 3764 sint
818 3698 904 3763 illius
927 3699 1050 3765 semina
1071 3715 1207 3780 cumque

376 3811 550 3894 eregione
572 3814 676 3880 looum
700 3814 792 3897 quasi
814 3815 847 3880 in
869 3835 966 3880 unum
990 3821 1104 3880 cuneta
1124 3811 1287 3888 ferantur,

302 3945 352 3994 333
377 3927 484 3992 omnia
505 3929 667 3995 coniciens
688 3929 723 3994 in
744 3948 816 3996 cum
841 3929 1002 3996 volventia
1024 3948 1171 3996 cursum.

381 4233 431 4280 818
450 4232 571 4280 iudoneat
598 4229 611 4296 11
637 4234 688 4282 320
706 4249 739 4284 ex
758 4249 823 4296 quae
842 4242 931 4284 tantan
956 4232 968 4302 11
994 4237 1042 4284 321
1063 4249 1150 4282 comus
1171 4247 1225 4282 non
1249 4229 1262 4297 11
1288 4233 1338 4282 322
1357 4232 1447 4280 colore·
1466 4221 1492 4310 sl¹

381 4319 431 4366 323
451 4317 578 4368 Nobilitas
599 4317 612 4386 11
633 4322 683 4370 324
702 4322 739 4370 At
758 4319 770 4387 11
790 4332 896 4386 percunt
921 4323 934 4390 11
954 4324 1005 4370 335
1024 4321 1124 4370 Deinde
1144 4316 1157 4388 11
1177 4320 1299 4370 deorum.
1320 4321 1334 4386 11
1355 4319 1401 4368 336
1418 4314 1476 4378 pluet

381 4405 401 4453 si
423 4401 436 4472 11
457 4407 509 4454 344
527 4406 658 4472 regionem
