3020 5146
372 436 432 500 132
906 430 964 496 lIII

370 602 477 667 omnia
501 603 653 668 mendose
675 603 743 668 fieri
765 609 861 684 atque
883 602 1012 687 obstipa
1033 619 1168 670 necesse
1190 609 1241 668 est

368 737 470 801 prava
492 717 644 782 cubantia
666 737 768 802 prona
789 717 906 801 supina
928 725 1026 798 atque
1047 718 1172 782 absona
1194 721 1297 792 tecta,

371 832 434 896 lam
457 851 549 897 ruere
572 839 606 896 ut
628 831 789 914 quaedam
813 831 984 898 videantur
1004 833 1109 910 velle,
1126 839 1283 914 ruantque

371 947 498 1030 prodita
517 946 643 1012 iudiciis
666 946 834 1012 fallacibus
857 947 966 1013 omnia
988 947 1116 1031 primis,

296 1082 346 1128 ono
372 1061 537 1143 sicigitur
560 1063 640 1126 ratio
663 1061 721 1126 tibi
744 1083 847 1128 rerum
870 1083 972 1147 prava
992 1067 1158 1126 necessest

370 1175 518 1276 falsaque
541 1176 601 1253 sit,
618 1177 707 1243 falsis
731 1198 815 1260 qnae
837 1197 974 1259 eumque
995 1176 1037 1241 ab
1060 1170 1207 1242 sensibus
1229 1181 1356 1242 ortaat.

411 1295 503 1358 Nunc
519 1291 583 1374 ,alii
604 1312 718 1358 sensus
741 1313 804 1376 quo
827 1299 921 1377 pacto
944 1292 1079 1374 quisque
1101 1311 1193 1357 suam
1217 1311 1283 1356 rem

372 1407 508 1482 sentiat,
524 1406 611 1471 baud
634 1427 795 1490 quaquam
819 1407 901 1472 ratio
923 1427 1079 1491 scruposa
1102 1407 1214 1472 relicta
1236 1414 1306 1473 est.

411 1522 571 1605 Principio
595 1521 723 1586 auditur
745 1541 842 1586 sonus
865 1528 898 1586 et
918 1542 982 1586 vox
1005 1522 1127 1604 omnis,
1144 1521 1176 1586 in
1199 1521 1289 1586 acris

296 1655 346 1701 505
371 1635 532 1700 insinuata
555 1657 612 1700 suo
635 1636 789 1720 pepulere
813 1637 865 1700 ubi
887 1655 1020 1718 corpore
1043 1655 1193 1702 sensum.

372 1771 559 1834 corpoream
583 1771 693 1816 vocem
716 1771 842 1834 quoque
866 1750 949 1816 enim
974 1757 1120 1816 constare
1141 1749 1346 1816 fatendumst

372 1873 403 1932 et
425 1867 582 1944 sonitum,
599 1867 748 1947 quoniam
771 1871 906 1950 possunt
926 1865 1081 1949 inpellere
1104 1885 1240 1930 sensus.

372 1989 542 2064 praeterea
564 1979 650 2046 radit
671 2002 733 2048 vox
756 1981 866 2048 fauces
889 2000 1009 2065 saepe,
1026 1979 1167 2062 facitque

373 2086 547 2182 asperiora'
562 2097 649 2162 foras
671 2096 822 2179 gradiens
845 2097 962 2162 arteria
984 2097 1123 2160 elamor.

297 2231 348 2279 530
373 2213 511 2297 quippe,
527 2231 585 2297 per
608 2219 778 2294 angustum
801 2213 894 2278 turba
917 2211 1037 2276 maiore
1060 2214 1169 2274 coorta

371 2328 418 2408 ire
441 2326 528 2391 foras
552 2327 606 2392 ubi
628 2333 802 2411 coeperunt
823 2325 998 2410 primordia
1019 2345 1153 2408 vocum,

334 2481 339 2492 ·
372 2441 514 2520 scilicet,
532 2443 651 2526 expleti
674 2461 801 2524 quoque
824 2442 921 2506 ianua
941 2439 1064 2504 raditur
1086 2440 1169 2504 oris.

375 2556 460 2620 baud
484 2557 579 2640 igitur
602 2557 763 2622 dubiumst
786 2557 861 2638 quin
884 2574 981 2620 voces
1003 2554 1164 2636 verbaque
1187 2559 1341 2620 constent

373 2671 535 2754 corporeis
557 2691 574 2736 e
597 2671 781 2755 principiis,
798 2677 833 2736 ut
851 2671 983 2754 ¹laedere
1006 2669 1148 2752 possint.

298 2803 348 2850 505
374 2804 433 2850 000
456 2792 487 2850 te
510 2785 594 2850 fallit
617 2786 689 2851 item
714 2785 791 2867 quid
814 2784 956 2869 corporis
979 2775 1157 2848 auferat&
1178 2781 1256 2863 quid

373 2894 518 2964 detrabat
540 2921 578 2965 eu
602 2899 764 2964 bantinum
788 2899 894 2965 nervis
916 2917 956 2964 ac
976 2899 1095 2962 viribus
1116 2897 1196 2981 ipsis

373 3021 545 3096 perpetuos
568 3035 671 3080 sermo
694 3013 801 3094 nigrai
819 3014 924 3080 noctis
946 3011 991 3088 ad¹
1009 3013 1154 3078 umbram

374 3145 511 3193 aurorae
533 3127 705 3212 perductus
726 3127 768 3192 ab
791 3129 955 3194 exoriente
978 3127 1100 3212 nitore,

374 3243 559 3322 praesertim
582 3243 608 3308 si
632 3263 703 3308 cum
726 3247 879 3308 summost
901 3242 1043 3308 clamore
1065 3241 1234 3326 profusus.

298 3373 348 3418 550
374 3371 448 3437 ergo
471 3377 657 3440 corpoream
680 3376 788 3422 vocem
812 3365 958 3422 constare
979 3361 1161 3433 necessest,

376 3468 475 3534 multa
498 3471 630 3552 loquens
654 3471 807 3553 quoniam
828 3470 942 3536 amittit
965 3469 1005 3534 de
1028 3489 1161 3554 corpore
1182 3475 1332 3552 partem.

299 3601 346 3647 555
374 3585 533 3667 asperitas
555 3591 660 3650 autem
683 3585 771 3651 vocis
792 3585 827 3648 tit
848 3585 891 3650 ab
914 3584 1084 3668 asperitate

375 3697 622 3781 principiorum,
639 3707 671 3764 ct
691 3699 765 3766 item
790 3701 876 3764 levor
899 3701 1006 3766 levore
1029 3702 1172 3764 creatur:

300 3829 349 3876 540
377 3829 435 3875 000
458 3811 551 3878 simili
574 3819 741 3897 penetrant
761 3814 848 3879 auris
869 3812 1043 3896 primordia
1064 3811 1186 3888 forma,

375 3944 445 3988 eum
468 3926 545 3992 tuba
565 3927 716 4011 depresso
739 3927 879 4011 graviter
899 3927 959 3992 sub
981 3945 1140 3990 murmure
1163 3925 1267 4007 mugit

376 4045 407 4103 el
420 4039 543 4121 reboat
564 4061 695 4106 raucum
718 4042 806 4125 regio
829 4041 893 4106 cita
915 4041 1057 4125 barbara
1078 4039 1249 4124 bombum,

378 4309 427 4356 517
448 4308 530 4356 Parva
549 4303 563 4375 ΙΙ
583 4311 633 4358 520·
653 4309 783 4372 Corporea
803 4307 816 4379 ΙΙ
836 4325 924 4360 vocem
942 4311 1082 4362 casianum.
1103 4305 1117 4376 ΙΙ
1141 4309 1191 4356 032
1210 4308 1322 4370 expletis
1341 4305 1355 4376 Η
1376 4313 1429 4360 bbt
1447 4311 1492 4357 lero

378 4395 466 4445 latiore
486 4393 499 4462 ll
520 4398 569 4444 ote
589 4411 717 4444 rnurmora
737 4395 750 4462 Η
772 4397 822 4444 544
841 4404 940 4446 revorat
960 4395 973 4463 Η
994 4405 1061 4445 retro
