2996 5148
379 459 443 525 210
918 453 963 518 vl

378 627 414 693 fit
435 645 563 710 quoque
584 633 620 692 ut
639 625 725 692 inter
746 624 821 690 dum
843 623 943 692 validi
965 627 1013 692 vis
1033 627 1134 692 incita
1156 629 1239 692 venti

377 741 560 826 perscindat
582 743 699 808 nubem
721 725 924 826 perfringens
945 741 1061 824 impete
1083 751 1189 807 recto:

379 877 455 922 nam
478 854 555 939 quid
577 856 677 940 possit
700 856 743 922 ibi
766 854 860 922 flatrrs
881 855 1055 922 manifesta
1076 856 1264 934 taretros,

305 993 354 1042 140
379 971 451 1057 bic,
468 971 523 1038 ubi
545 971 648 1038 lenior
669 979 738 1055 est,
753 971 787 1036 in
809 979 894 1038 terra
916 991 987 1038 cum
1009 979 1118 1038 tamen
1140 973 1208 1040 alta

380 1088 509 1152 arbusta
531 1087 685 1154 evolvens
707 1085 866 1152 radicibus
889 1086 994 1150 haurit
1015 1088 1057 1152 ab
1078 1088 1173 1153 imis.

379 1208 453 1268 sunt
474 1201 567 1268 etiam
590 1200 703 1268 fluctus
724 1221 782 1286 per
803 1201 935 1285 nubila,
952 1203 1006 1284 qui
1029 1203 1123 1284 quasi
1147 1223 1290 1268 nrurmur

313 1381 320 1392 ,
379 1317 457 1382 daut
479 1317 511 1382 in
534 1315 714 1399 frangendo
737 1316 899 1400 graviter;
918 1316 1003 1398 quod
1024 1319 1101 1383 item
1122 1317 1158 1382 fit
1178 1317 1210 1383 iu
1234 1317 1316 1385 altis

379 1431 561 1498 fluminibus
584 1449 768 1514 magnoque
790 1431 869 1496 mari
883 1481 891 1504 ,
906 1451 978 1496 cum
1001 1431 1155 1514 frangitur
1177 1439 1318 1500 aestus.

305 1569 354 1618 ιιι
378 1547 412 1613 id
435 1565 583 1630 quoque,
598 1545 653 1611 ubi
676 1566 694 1610 e
716 1546 792 1611 nubi
816 1545 848 1610 in
873 1547 988 1612 nubem
1011 1547 1059 1613 vis
1080 1546 1193 1612 incidit
1214 1547 1346 1615 ardens

378 1661 540 1746 fulminis,
556 1661 636 1728 haec
658 1661 756 1726 multo
779 1660 806 1725 si
829 1659 912 1727 forte
935 1682 1046 1728 umore
1069 1663 1189 1746 recepit

379 1779 505 1863 ignem,
522 1777 671 1843 contiuuo
695 1797 813 1860 niagno
836 1777 977 1842 clamore
999 1777 1157 1860 trucidat,

378 1899 412 1957 ut
434 1893 548 1958 calidis
571 1893 713 1958 candens
736 1891 853 1957 ferrum
877 1911 895 1956 e
917 1891 1102 1958 fornacibus
1125 1893 1201 1958 olim

377 2007 500 2084 stridit,
517 2007 569 2072 ubi
592 2007 624 2071 in
646 2005 788 2090 gelidum
811 2027 947 2092 propero
971 2005 1181 2074 demersimus
1202 2007 1370 2076 imbrem.

305 2141 354 2189 ruo
379 2122 499 2186 aridior
520 2143 617 2207 porro
640 2123 667 2187 si
690 2123 793 2188 nubes
815 2123 930 2207 accipit
951 2123 1080 2207 iguem,

380 2238 480 2302 uritur
501 2237 625 2322 ingenti
647 2237 753 2302 souitu
774 2257 929 2303 succensa
950 2245 1105 2322 repente;

379 2351 573 2418 lauricomos
595 2359 629 2416 ut
651 2353 677 2418 si
700 2371 758 2436 per
779 2353 897 2416 montis
918 2353 1048 2417 flamma
1070 2361 1206 2434 vagetur

377 2467 503 2532 turbine
525 2473 691 2532 ventorum
713 2467 903 2532 comburens
924 2467 1044 2551 impete
1066 2487 1202 2549 magno:

376 2603 436 2649 nec
458 2603 510 2649 res
531 2581 598 2647 ulla
620 2581 722 2662 magis
745 2599 841 2664 quam
864 2581 988 2647 Phoebi
1014 2583 1173 2667 Delphica
1196 2585 1315 2650 laurus

304 2719 352 2766 ιιι
377 2697 508 2764 terribili
531 2698 635 2763 souitu
657 2694 787 2762 flamma
810 2697 986 2781 crepitante
1009 2703 1186 2764 crematur.

377 2811 515 2896 denique
538 2831 637 2896 saepe
660 2810 725 2893 geli
748 2811 866 2877 multus
888 2812 997 2894 fragor
1019 2819 1114 2895 atque
1136 2813 1227 2878 ruina

378 2927 546 3014 grandinis
569 2927 601 2991 in
624 2925 753 3008 magnis
775 2927 913 2992 sonitum
936 2925 992 2992 dat
1014 2929 1154 2994 nubibus
1176 2929 1262 2993 alte:

375 3051 489 3110 ventus
512 3043 595 3107 enim
620 3062 689 3106 cum
713 3041 884 3125 eonferoit,
901 3042 1090 3127 franguntur
1111 3045 1143 3108 in
1167 3051 1237 3108 arto

375 3157 515 3226 concreti
539 3163 663 3222 montes
685 3155 864 3222 nimborum
888 3165 920 3222 et
941 3157 1100 3238 grandine
1123 3157 1231 3222 mixti.

303 3295 352 3341 rso
418 3273 526 3356 Fulgit
547 3273 644 3348 item,
661 3272 763 3336 nubes
786 3271 871 3356 ignis
893 3293 962 3338 cum
987 3273 1111 3338 semina
1133 3273 1232 3338 multa

377 3406 549 3455 excussere
571 3407 629 3452 suo
653 3405 828 3470 concursu,
846 3405 905 3451 ceu
927 3385 1068 3470 lapidem
1091 3387 1118 3453 si

376 3503 533 3590 percutiat
554 3501 639 3587 lapis
661 3509 717 3566 aut
738 3502 854 3566 ferrum
869 3525 875 3565 :
892 3522 966 3566 nam
989 3509 1054 3566 tum
1078 3521 1204 3585 quoque
1226 3503 1345 3571 lumen

376 3619 467 3686 exilit
486 3625 518 3683 et
540 3617 645 3682 claras
668 3617 823 3682 scintillas
845 3617 981 3699 dissipat
1003 3617 1107 3700 ignis.

376 3735 433 3803 sed
455 3734 605 3799 tonitrum
627 3731 662 3796 lit
684 3733 728 3796 uti
750 3738 825 3817 post
847 3733 977 3796 nuribus
999 3731 1215 3816 accipiamus,

300 3871 350 3920 ros
375 3849 499 3934 fulgere
522 3869 616 3932 quam
640 3855 772 3913 cernant
794 3846 898 3930 oculi,
915 3847 992 3928 quia
1013 3865 1140 3932 semper
1161 3847 1203 3910 ad
1226 3847 1320 3912 auris

375 3965 496 4032 tardius
519 3963 692 4030 adveniunt
714 3982 810 4045 quam
833 3962 934 4027 visum
957 3980 1042 4045 quae
1064 3967 1213 4027 moveant
1234 3979 1311 4028 res.

378 4271 424 4316 141
445 4268 547 4316 soluens
572 4263 586 4333 Η
613 4267 661 4315 144
680 4275 749 4315 aest.
775 4265 788 4332 Η
815 4267 864 4315 145
884 4265 926 4314 liit
948 4261 962 4332 Η
990 4265 1037 4312 149
1056 4271 1159 4328 propter
1183 4261 1196 4328 Η
1226 4267 1276 4316 151
1299 4267 1414 4332 ingentis
1460 4303 1464 4312 .

376 4363 464 4405 cente.
485 4351 499 4422 Η
521 4357 570 4404 lou
589 4354 675 4402 Tume
696 4349 709 4421 Η
732 4356 780 4403 154
799 4353 851 4403 vita
871 4349 885 4422 Η
907 4355 956 4402 155
974 4353 1086 4402 sonitum
1105 4349 1119 4418 Η
1142 4353 1191 4402 158
1210 4361 1317 4404 artnrn.
1340 4357 1354 4423 Η
1379 4353 1453 4405 lost

373 4443 459 4493 euciat
478 4439 492 4509 Η
515 4443 563 4491 165
583 4441 681 4504 Fugere
