3052 5150
321 400 382 466 172
846 393 896 460 111

318 571 567 652 Meroliacum,
591 567 778 633 verissime:
802 565 860 631 ssd
881 564 923 629 ab
943 583 981 628 co
1001 563 1275 644 condiderim,
1297 561 1352 624 boc
1366 567 1408 624 cst

318 699 417 760 quor,
441 691 535 756 quem
558 669 731 737 admodum
755 689 894 754 compro
918 691 1010 754 quom
1032 667 1127 732 scribi
1150 664 1288 730 vidimus
1301 663 1376 728 libro
1389 683 1408 745 r,

320 775 420 841 1077.
437 799 490 839 cor
506 774 538 838 irr
552 773 710 839 Martialis
726 773 808 838 libro
824 793 866 854 xr,
882 771 934 854 46,
947 768 998 834 80
1013 767 1124 834 codice
1135 766 1284 833 Lcidcusi
1295 764 1411 831 Schnei-

318 877 465 943 dewiuus
488 875 641 962 protulit.
657 873 849 940 Wakefieldi
865 872 1130 958 perversitatem,
1153 889 1227 935 cum
1241 866 1352 954 probat
1364 889 1411 931 cor
1497 861 1498 896 ³

318 981 496 1062 domicum,
521 986 552 1044 ct
573 977 741 1062 Forbigeri
764 975 985 1056 mendacium,
1009 993 1074 1058 quo
1089 973 1341 1054 Hercrcampum
1361 993 1412 1034 car
1497 985 1498 1020 4

318 1083 452 1147 domabis
475 1081 605 1146 dedisse
629 1081 725 1164 dicit,
749 1079 1014 1165 praeteribimus.

403 1183 477 1250 479.
501 1183 628 1249 Carras
658 1201 926 1247 vacrursusrr.
944 1180 1113 1268 Corrector
1135 1178 1267 1261 oblongi
1293 1197 1440 1240 suarm.

317 1307 450 1350 curri.

402 1389 475 1455 482.
500 1387 626 1453 Cusas
653 1407 771 1452 suar.
793 1385 846 1450 Sic
877 1391 1009 1468 uterque
1040 1385 1220 1450 Vossianus
1255 1385 1324 1449 siue
1353 1382 1413 1446 ulla

318 1490 534 1575 correctione,
557 1490 672 1574 nequis
688 1489 911 1573 Havercampo
927 1486 1085 1560 credatis
1101 1493 1238 1569 utroque
1260 1506 1330 1552 esse
1344 1485 1412 1552 Car-

319 1594 469 1658 baccone.
486 1593 632 1676 impressi
655 1597 761 1677 recle,
784 1597 817 1656 ut
839 1590 934 1675 Itali,
958 1591 1023 1658 Gur
1044 1611 1089 1652 sa
1112 1603 1204 1656 aaut.
1497 1575 1498 1580 ἵ

365 1742 368 1748 -
402 1694 475 1760 492.
499 1695 547 1759 Νι
574 1715 696 1757 ursum
719 1714 794 1766 Qus
816 1715 873 1756 vrs
895 1713 1015 1757 uoasr
1036 1713 1251 1757 nrsraucrs
1273 1713 1340 1755 ras
1361 1712 1413 1754 us·

318 1799 573 1879 ruslluasrr,
593 1799 1412 1868 accuscuruumsruuussmusouosssscsc
1497 1825 1498 1890 ἐ

318 1899 527 1965 Vasconum
543 1919 695 1962 vaurms
711 1919 952 1962 rssvascusr
975 1919 1128 1963 viamus
1152 1921 1298 1963 sunus.
1321 1898 1414 1962 lliset
1497 1943 1498 1992 p

317 2001 471 2087 proximis
500 2001 647 2067 versibus
674 2007 772 2086 poeta
801 2019 911 2066 eorum
935 2021 1018 2087 quae
1040 2001 1135 2067 modo
1159 2001 1290 2084 dixerat
1312 2018 1414 2067 caustu

317 2104 477 2189 explicat.
494 2123 573 2187 ergo
601 2111 675 2169 sule
703 2104 813 2170 omnia
838 2105 1042 2172 scribendum
1070 2113 1119 2171 cst
1141 2125 1235 2176 curs
1259 2107 1306 2170 vis
1326 2103 1417 2168 morli
1497 2109 1498 2132 ¹

319 2208 437 2272 Turbes
449 2205 567 2290 ,quod
590 2206 710 2272 babent
725 2209 883 2273 Aulouius
899 2208 992 2274 Marii
1008 2215 1040 2274 ct
1061 2207 1135 2273 libri
1159 2208 1269 2274 olim
1260 2204 1413 2292 impressi.

315 2329 400 2394 quae
422 2315 528 2374 autem
550 2317 814 2394 praecesseraut,
839 2317 931 2376 crant
953 2311 1053 2388 hacc,
1077 2309 1222 2376 Concidet
1249 2323 1278 2374 ec
1298 2331 1415 2397 spamae

316 2414 403 2498 cpit,
427 2413 557 2497 inpertit
585 2425 613 2477 ct
633 2415 736 2478 trerm't
764 2427 873 2496 artus,
897 2415 1045 2500 Decipit.
1061 2413 1173 2478 horum
1200 2431 1280 2498 pals
1301 2431 1367 2478 cum
1387 2409 1415 2474 iu

314 2515 472 2600 proximis
495 2515 541 2582 ita
562 2521 746 2608 repetatur,
771 2515 974 2603 Exprimr'tcr
992 2538 1090 2602 porro
1110 2517 1270 2603 pomisne,
1294 2515 1367 2601 quic
1382 2549 1412 2559 -

316 2624 348 2682 ct
369 2617 570 2703 Desr'pr’ectic
589 2617 626 2698 rit
636 2667 645 2701 ‚
669 2619 747 2704 quic
771 2655 826 2700 —,
849 2623 993 2703 apertum
1009 2623 1058 2684 est
1072 2616 1124 2682 hic
1138 2616 1311 2683 dicendum
1328 2615 1415 2682 fuisse

316 2743 413 2806 aperta
428 2721 568 2784 animam
585 2741 751 2802 ssuuur,
769 2739 832 2785 non
849 2745 1021 2807 spumans:
1043 2739 1117 2784 nam
1133 2739 1268 2804 prorsus
1284 2720 1415 2802 ineptes

315 2821 452 2887 Marullo
479 2821 600 2888 inducti
630 2843 740 2888 omnes
764 2823 962 2906 coniungunt
984 2823 1086 2907 baec,
1110 2823 1158 2888 aab
1179 2823 1286 2888 morbi
1307 2821 1415 2887 turbat

315 2951 412 3014 aperus
427 2927 566 2992 animam
582 2925 738 3009 (artabrum
754 2925 925 2992 Greechius
940 2925 1083 3011 primus,
1100 2931 1131 2990 et
1146 2923 1278 3008 quidem
1294 2922 1413 3005 tacite),

315 3030 410 3114 quasi
440 3027 569 3093 morbus
595 3035 706 3112 posset
733 3028 871 3094 animam
902 3047 1020 3111 agere.
1037 3046 1133 3112 porro
1162 3035 1323 3093 corrector
1348 3044 1414 3112 qua-

316 3131 399 3197 drati
416 3151 481 3197 uon
497 3132 624 3216 inepte,
649 3138 680 3196 et
694 3139 729 3197 ut
752 3131 936 3198 ostenderet
957 3151 993 3198 sc
1015 3151 1112 3196 uuum
1135 3131 1278 3196 omnium
1300 3135 1412 3216 partem

315 3235 493 3301 sententias
516 3240 602 3299 reete
624 3235 827 3319 percepisse,
851 3233 934 3299 velut
955 3257 1090 3321 aequore
1111 3233 1217 3299 salso.
1235 3235 1293 3300 sed
1316 3233 1412 3321 potius

316 3345 365 3404 est
396 3343 432 3402 ut
465 3342 590 3402 utamur
623 3338 738 3403 litteris
766 3356 849 3422 quae
875 3342 950 3420 post
977 3357 1125 3401 sruuur
1152 3344 1303 3404 servatae
1328 3341 1411 3416 suut,

315 3461 423 3503 vsru:
446 3440 554 3524 itaque
577 3438 780 3505 scribendum
803 3445 853 3504 est
874 3459 986 3510 cossi
1017 3461 1053 3502 ru
1075 3464 1210 3527 aequore
1232 3441 1316 3506 salso
1345 3439 1407 3504 Vec-

315 3555 416 3609 tcrum
438 3541 556 3607 caladia
568 3543 756 3629 fervescant
777 3541 899 3606 viribus
921 3541 1041 3608 undae.

399 3646 473 3712 496.
497 3666 540 3706 rrr
568 3665 708 3708 occurso
736 3664 835 3714 ouon
864 3663 1000 3707 saurus
1027 3665 1139 3709 vocis
1163 3643 1409 3710 Euroruurus.

315 3746 403 3813 Nihil
431 3755 480 3813 est
512 3753 604 3812 extra
629 3765 745 3830 corpus
772 3747 896 3828 aegroti
923 3747 1010 3830 quod
1027 3739 1163 3812 ¹semina
1185 3746 1275 3813 vocis
1298 3745 1409 3822 elicrbt,

223 3867 231 3880 ·
314 3847 372 3914 scd
387 3849 461 3933 ipss
482 3850 514 3914 vi
537 3849 640 3914 morbi
657 3849 889 3914 Ercrusrua.
906 3849 952 3913 its
968 3849 1126 3915 lambino
1142 3857 1223 3916 teste
1246 3843 1408 3914 doctissimi

313 3951 375 4016 viri
397 3951 568 4032 legendum
593 3955 844 4036 praeceperunt,
872 3951 989 4034 quibus
1012 3953 1081 4037 ipse
1105 3952 1282 4018 rectissime
1304 3949 1408 4015 obtem·

313 4053 459 4138 peravit.
476 4053 552 4120 vide
574 4073 659 4138 quae
682 4053 748 4118 dixi
773 4053 815 4118 ad
832 4073 958 4118 versum
981 4055 1023 4119 58
1046 4061 1078 4120 et
1092 4054 1136 4119 ad
1153 4053 1269 4120 librum
1283 4073 1325 4137 rr,
1340 4047 1407 4116 944

399 4155 472 4222 522.
495 4178 558 4220 urr
573 4177 732 4221 nuocur
750 4155 919 4222 corrector
934 4153 1105 4240 quadrati
1129 4156 1204 4223 rtem
1221 4155 1293 4222 ltalr
1309 4161 1339 4220 cl
1352 4151 1408 4216 lla

314 4259 664 4343 rullus,uti1>ocur.

399 4308 471 4428 523.
495 4381 638 4426 rossus
669 4383 866 4426 surrours.
893 4359 968 4428 525.
995 4381 1244 4426 assumus.
1264 4338 1406 4424 Marullus

312 4483 470 4528 ssrrour
501 4471 535 4531 ct
565 4484 790 4532 assuraru.
814 4483 889 4529 mcx
923 4482 1018 4529 versu
1050 4463 1111 4531 527
1147 4461 1320 4548 quadratus
1350 4453 1405 4520 deb

309 4565 463 4651 perdere.
