3036 5150
300 359 342 424 58
847 355 864 422 1

301 537 395 596 tenus
411 534 518 594 tamen
539 527 675 612 restim,
692 525 780 612 quod
796 540 824 592 os
846 546 904 613 pro
927 529 1021 593 orium
1038 528 1175 594 Lueretii
1193 527 1323 594 orationi
1336 547 1392 592 non

300 633 405 716 magis
420 631 570 699 oouvouit
584 649 679 715 quam
694 655 750 696 noo
765 649 825 715 pro
847 653 886 696 no
908 629 1053 722 quidem,
1070 649 1174 714 neque
1192 631 1223 698 ei
1238 629 1291 714 qui
1302 630 1396 717 patrii

301 736 454 802 sermoorb
476 747 639 823 mutuum
662 733 789 800 inousat
802 733 915 818 (utitur
937 732 1006 798 eius
1018 733 1125 800 verbis
1141 733 1264 799 Plinius
1278 732 1309 798 in
1322 732 1394 816 epis

301 838 439 903 telarum
461 859 515 920 nv,
534 836 588 920 18)
609 835 734 920 antiqui
761 835 919 902 sermonis
947 834 1037 900 liouit
1063 835 1188 902 violare
1211 835 1395 902 uastitatem.

301 941 412 1024 itaque
427 937 569 1004 dubitari
583 959 648 1006 non
663 925 769 1024 potest
788 938 864 1021 quin
885 935 1012 1004 dederit
1027 937 1122 1004 Nouo
1138 959 1179 1003 ur
1194 937 1396 1024 Anonoporos

301 1056 476 1108 sumemus
491 1042 761 1124 homoeomerioo5
776 1059 847 1104 oum
863 1040 977 1124 quibus
994 1041 1029 1106 in
1045 1041 1221 1127 proximis,
1237 1059 1318 1126 quae
1332 1037 1395 1106 libri

304 1147 350 1211 ita
372 1145 494 1230 scriptu
515 1143 686 1228 exhibent,

387 1247 459 1313 834.
483 1248 1398 1330 Pomorum,nsuusrousuurorruononouanuu,

302 1349 421 1436 optime
444 1349 508 1415 eoit
529 1347 609 1414 iilud
632 1350 819 1436 Principio,
834 1350 884 1416 oui
908 1349 1086 1416 subieotum
1109 1355 1159 1416 est
1180 1348 1242 1415 847
1263 1349 1353 1416 Addo
1372 1354 1400 1413 et
1499 1409 1500 1428 ,

300 1453 363 1518 859
386 1452 577 1534 Praetereo,
600 1471 664 1517 non
687 1452 838 1518 eonvenit
858 1453 1060 1538 Principium
1082 1475 1209 1535 ouum,
1225 1451 1311 1537 qnod
1332 1451 1401 1517 feeit
1499 1503 1500 1530 ,

301 1553 475 1620 Lambinus
489 1602 497 1618 .
510 1552 588 1637 quid
605 1551 692 1638 quod
707 1554 754 1618 ita
769 1573 809 1618 ne
825 1553 907 1618 dixit
922 1552 1053 1639 quidem
1067 1572 1205 1638 usquam
1221 1554 1399 1636 Lueretius,
1499 1621 1500 1626 ,

300 1657 359 1723 sed
373 1681 481 1722 rerum
493 1659 659 1746 principio
670 1678 691 1740 ι,
708 1656 768 1723 741
785 1655 866 1722 1047
882 1677 916 1739 ιι,
933 1656 995 1723 789
1009 1678 1016 1720 :
1033 1675 1092 1722 nee
1114 1654 1176 1721 diei
1192 1663 1299 1741 potest
1313 1675 1400 1742 quam

300 1761 421 1845 ignave
442 1761 490 1826 ita
512 1760 563 1826 bio
585 1779 697 1827 versus
720 1779 791 1824 oum
813 1758 973 1843 prioribus
995 1777 1137 1824 conexus
1158 1759 1220 1826 sit.
1236 1779 1314 1843 ergo
1336 1778 1399 1825 eon·
1499 1785 1500 1834 ς

301 1861 468 1947 iungenda
488 1861 569 1928 bueo
591 1869 666 1928 sunt
688 1881 759 1927 oum
783 1861 823 1926 iis
846 1879 929 1944 quae
957 1867 1126 1945 secuntur,
1147 1859 1209 1927 boo
1229 1861 1399 1930 medere

299 1991 373 2032 rum
395 1985 498 2037 ouou
519 1964 598 2030 dicit
618 1965 865 2030 homoeomerian
875 2013 884 2047 ,

385 2068 459 2134 835.
486 2067 584 2134 Ossa
608 2087 808 2131 vrnnnreur
830 2087 1091 2131 unrsuxrnnrs
1113 2086 1399 2138 areuaursurre

300 2171 460 2238 Ossrnus
482 2191 545 2234 are
567 2191 610 2233 nr
633 2191 679 2232 nn
701 2190 903 2234 rsuxrunrs
926 2189 1049 2240 suone
1070 2191 1223 2234 ursonis
1239 2171 1400 2236 Vrscssr·

300 2293 374 2338 nus
404 2295 534 2341 vrscue
567 2294 692 2338 oreur.
716 2271 838 2351 Quibus
866 2271 1020 2338 subicitur
1040 2285 1155 2358 potat,
1178 2293 1282 2356 neque
1310 2272 1400 2338 iniis

300 2377 470 2460 quiequam
499 2377 569 2444 vitii
598 2381 673 2458 est,
702 2375 765 2442 nisi
790 2375 876 2458 quod
906 2393 976 2440 oum
1000 2372 1136 2440 Marullo
1163 2376 1260 2442 soribi
1288 2379 1403 2460 oportet

300 2479 384 2546 Osse
405 2480 584 2545 uidelicetu
603 2479 784 2566 pauxillis.
800 2495 876 2544 nam
892 2475 1025 2543 Ossibus
1039 2478 1086 2542 sio
1101 2491 1130 2542 et
1150 2479 1237 2544 undo
1252 2476 1401 2544 Antonius

302 2583 396 2648 Marii
413 2589 446 2648 et
461 2583 607 2649 oodieum
622 2581 699 2646 olim
715 2581 943 2665 impressorum
963 2585 1110 2646 auotores
1133 2581 1327 2665 sumpserint
1339 2597 1401 2644 nee·

300 2685 374 2750 oio:
395 2686 454 2752 sed
477 2705 518 2752 no
540 2682 678 2750 Marullo
702 2681 833 2766 quidem
855 2701 934 2748 vera
955 2681 1116 2766 scriptura
1136 2682 1336 2767 innotuerat,
1354 2681 1401 2766 qni

301 2786 377 2852 feeit
399 2789 531 2854 Ossibus
553 2801 581 2852 et
603 2788 649 2851 sio
672 2784 729 2850 cio.

386 2891 459 2957 837.
494 2909 744 2959 ssuouuuoun
772 2905 931 2950 caesar.
956 2889 1006 2952 lta
1032 2884 1214 2970 oblongus:
1234 2887 1400 2970 quadratus

300 2981 500 3082 sospesque.
514 3011 758 3062 asseussoun
771 2989 862 3070 itali,
875 2987 1041 3055 Charisius
1050 3009 1082 3074 p.
1092 2991 1143 3073 70,
1157 2990 1279 3056 Nonius
1288 3010 1319 3074 p.
1330 2987 1399 3068 184,

302 3097 342 3161 14
353 3097 431 3180 224,
444 3099 478 3178 9,
492 3095 623 3161 Servius
638 3093 682 3158 ad
698 3093 872 3176 georgicon
884 3113 907 3176 1,
927 3093 987 3158 139
1002 3098 1034 3156 et
1049 3091 1091 3158 ad
1109 3091 1270 3158 Aeneidos
1281 3113 1310 3176 r,
1322 3092 1397 3155 211.

299 3199 423 3266 Probus
444 3217 571 3283 quoque
586 3217 618 3282 p.
634 3195 715 3262 1448
731 3195 914 3262 Lueretium
929 3195 985 3260 boo
999 3217 1141 3282 sonpuen
1156 3192 1278 3259 dixisse
1292 3192 1397 3260 refert.

386 3302 459 3368 843.
496 3301 577 3366 Nee
601 3319 727 3362 nauus
750 3318 840 3361 aesn
863 3317 956 3362 unns
980 3315 1068 3360 runs
1088 3315 1209 3358 ruera
1231 3317 1266 3358 ru
1288 3315 1399 3360 ausus

299 3423 410 3466 rusus
423 3402 618 3468 Cononem
632 3451 639 3467 .
654 3401 812 3466 Antonius
824 3399 919 3466 Marii
935 3423 1000 3466 osso
1014 3398 1084 3463 ullo
1093 3411 1189 3483 porte
1204 3397 1286 3464 rilem
1300 3399 1399 3479 reboo,

298 3505 446 3590 impressi
469 3505 537 3572 ullo
556 3519 650 3591 porte
672 3503 756 3570 idem
779 3505 814 3569 in
835 3503 949 3570 rebus.
966 3500 1024 3568 sed
1047 3519 1118 3566 oum
1134 3501 1300 3566 Lueretius
1315 3517 1397 3586 prae

299 3606 461 3690 positione
484 3609 605 3673 omissa
634 3607 680 3672 ita
705 3625 769 3671 non
801 3604 888 3670 dieat
910 3603 973 3670 nisi
996 3603 1147 3686 genetivo
1169 3600 1300 3678 addito,
1322 3614 1399 3669 cerm

299 3708 413 3774 mundi
421 3709 622 3797 lonpuesoere
629 3723 723 3795 porto
736 3729 769 3789 v,
783 3709 859 3790 769,
873 3708 987 3772 olienis
996 3707 1144 3793 portibus
1154 3703 1265 3788 eunii,
1279 3705 1345 3789 181,
1357 3703 1398 3768 ol-

300 3812 397 3876 tornis
406 3812 555 3897 portubus
571 3813 655 3876 aursi
663 3833 700 3895 v,
714 3811 772 3877 701
785 3859 793 3893 ,
805 3809 890 3874 malo
907 3808 1047 3874 seribere
1058 3807 1128 3872 uilo
1139 3828 1230 3870 snum
1246 3829 1290 3871 ux
1298 3819 1398 3894 porte,

300 3919 333 3976 ut
345 3912 378 3976 in
390 3934 416 3994 1,
428 3913 489 3978 667
503 3938 542 3978 ex
553 3914 645 3978 uuila
645 3913 761 3999 jocero
773 3913 810 3978 id
819 3913 950 3998 siponto
962 3923 1140 3998 reposcent,
1152 3911 1186 3974 in
1198 3911 1311 3994 1v,721
1323 3910 1396 3975 laut-

300 4015 373 4080 doro
383 4017 553 4101 nonpossint
564 4039 604 4082 ero
615 4017 684 4080 ulio
695 4016 935 4101 luminoporte.
948 4019 997 4080 est
1012 4018 1118 4078 autem
1134 4011 1309 4078 notandum
1321 4010 1396 4076 huns

299 4121 426 4202 pettam
440 4141 479 4182 on
488 4131 580 4202 porto
591 4119 644 4184 vel
656 4117 850 4204 eopartibus
866 4135 994 4200 semper
1009 4113 1137 4198 dioere,
1153 4137 1181 4198 1,
1197 4117 1261 4182 616
1276 4137 1307 4180 ιι
1318 4163 1326 4198 ,
1339 4109 1395 4180 515

300 4243 336 4301 v,
350 4217 410 4283 721
425 4239 473 4298 vr,
487 4218 564 4302 694,
577 4219 635 4285 sed
648 4246 663 4284 s
676 4221 784 4287 littera
794 4218 1009 4305 praecedente
1020 4217 1135 4298 aliter,
1152 4220 1234 4299 aab,
1247 4215 1394 4294 miminis,

301 4321 427 4388 aestivis
439 4321 610 4406 eportibus
621 4343 659 4404 ιι,
677 4323 736 4390 159
747 4323 810 4388 485
823 4343 875 4402 ιιι,
887 4319 951 4386 545
964 4341 999 4404 v,
1012 4319 1075 4386 615
1087 4367 1095 4385 .
1109 4323 1185 4385 auto
1196 4326 1302 4386 uetera
1312 4333 1395 4383 veos-

300 4424 376 4492 bule
391 4441 475 4508 quae
491 4422 532 4488 ab
547 4421 661 4490 eadem
678 4425 786 4491 littera
801 4422 977 4510 incipiunt,
993 4443 1121 4508 semper
1135 4447 1151 4488 e
1165 4421 1394 4508 praepositione
