3096 5142
646 386 691 452 1v
949 453 952 458 ,
1163 384 1224 452 241

126 557 359 645 Berecyntiam.
375 557 436 625 hoo
457 577 522 622 non
545 555 649 622 minus
669 555 811 642 ineptum
828 563 876 623 est
889 556 982 639 (urba
996 555 1080 622 enim
1095 561 1227 638 repente

125 658 156 724 tit
167 659 259 744 tibia)
274 679 371 746 quam
386 660 473 744 quod
489 658 634 726 Catullus
648 679 735 742 amn,
752 659 772 724 9
792 671 974 746 tympanum
996 655 1095 723 ierim
1117 656 1227 743 appel·

125 761 203 828 lasse
228 763 334 828 tubam
357 762 515 848 Opbebae,
537 761 592 846 qui
619 760 747 846 soripsit
770 757 995 844 (nequeenim
1018 758 1144 842 dubito)
1168 759 1227 846 Ty·

123 888 233 950 ponam
252 877 356 947 tuoni,
373 863 509 952 mooe,
525 877 599 947 use,
614 877 733 946 mater,
749 865 864 930 initia.
879 862 943 928 iam
960 881 1037 928 vero
1053 860 1079 927 si
1096 879 1228 944 quaere-

125 985 187 1031 mus
201 964 281 1048 quid
303 967 385 1032 cieri
403 973 436 1032 et
456 967 553 1032 dmm
573 967 703 1032 reboare
724 965 847 1051 possit,
863 963 1064 1030 inveniemus
1086 962 1166 1028 hasa
1187 961 1228 1028 de

125 1067 193 1134 aas
207 1067 375 1134 oommode
390 1068 454 1136 diei
474 1073 507 1134 et
525 1067 567 1134 ab
583 1067 730 1134 omnibus
752 1067 855 1153 potitis
877 1065 964 1133 diota
984 1085 1075 1132 osse.
1092 1066 1137 1132 its
1158 1065 1229 1149 ipse

125 1170 283 1238 Lueretius
305 1171 373 1237 Neo
394 1171 536 1236 odldrae
557 1170 686 1236 reboant
707 1170 855 1256 usqnsata
877 1181 1179 1256 amotoque-teoto)
1197 1173 1230 1233 ot

125 1273 204 1360 Erpo
224 1273 388 1362 repleatur
410 1272 480 1340 loeo
498 1273 625 1340 somine
639 1309 681 1320 -
696 1272 861 1358 surdoque
875 1272 1016 1338 cientur.
1032 1271 1141 1354 itaque
1164 1259 1246 1335 ma·¹

124 1375 264 1442 nitestnm
294 1381 343 1442 est
370 1395 442 1442 oum
468 1374 522 1440 hio
542 1373 710 1459 scripsisse
731 1374 775 1439 Et
795 1393 939 1438 nnnosr
961 1397 1093 1439 rausum
1115 1393 1228 1438 snum
1333 1438 1336 1444 ,

124 1479 180 1544 os'to
205 1479 346 1544 barbaro
373 1478 514 1544 bombum
535 1525 543 1541 .
566 1495 670 1560 nequo
692 1475 830 1542 barbara
850 1477 938 1562 reps'o
964 1475 1071 1542 miuus
1099 1475 1229 1560 proprio

125 1579 233 1648 dieitur
255 1598 354 1665 quam
376 1581 470 1646 tabo.
688 1579 690 1586 ’

199 1683 273 1751 545.
298 1682 349 1748 En
370 1702 519 1746 vaunis
542 1702 653 1746 saon
675 1701 806 1747 rossus
828 1703 874 1748 nx
896 1701 1120 1748 suaseonis.
1144 1679 1229 1760 Qua·

124 1784 227 1852 dratns
254 1791 288 1852 et
317 1803 339 1850 a
364 1790 544 1852 oorreotore
569 1784 728 1868 oblongus
757 1797 825 1852 aste
846 1786 959 1867 torto,
982 1784 1059 1850 olim
1082 1783 1228 1868 impressi

124 1912 189 1954 osce
209 1889 325 1966 tertiis.
346 1887 503 1953 Automus
526 1886 620 1952 Marii
643 1887 686 1952 Et
707 1885 814 1952 validi
829 1900 963 1974 serpunt
983 1910 1057 1952 nece
1078 1887 1167 1952 tortis
1190 1909 1230 1952 ece

124 1991 303 2074 Helr'oonr'a,
318 1988 475 2056 Marullus
490 1990 533 2056 Et
544 1988 655 2076 polida
670 1990 764 2077 sysoi
782 2013 854 2056 oeae
875 1990 953 2076 torti
970 2012 1010 2056 ete
1034 1999 1125 2054 antro
1140 1989 1229 2054 Heli·

11 2133 12 2182 l
123 2094 221 2176 wari,
237 2091 397 2159 Avaulius
410 2091 553 2158 Vatinios
563 2103 592 2158 et
601 2091 700 2179 cyprii
709 2115 782 2158 oeae
793 2089 909 2158 detorti
920 2115 960 2156 eo
971 2089 1154 2172 Heliconii,
1170 2088 1230 2156 ‘oo-

124 2192 206 2262 dioes
221 2192 394 2262 emendati
411 2192 565 2260 Iohannis
580 2193 674 2280 Bapt
691 2193 740 2260 Pii
758 2192 901 2259 Velleius
916 2205 944 2259 et
958 2193 1052 2280 aponi
1063 2190 1179 2258 detorti
1191 2217 1230 2260 en

124 2297 293 2380 Heliconia,
305 2295 479 2364 Lambinus
495 2296 637 2363 Velleius
652 2308 680 2362 et
695 2295 790 2382 eyoos'
798 2293 916 2382 gelidis
929 2295 995 2361 orti
1006 2318 1046 2360 eto
1056 2293 1230 2378 Haustanes,

125 2399 268 2468 Gisauius
284 2398 428 2466 Vallum
439 2411 468 2464 et
480 2399 574 2486 oyoru
584 2421 657 2464 neos
672 2398 749 2464 torti
761 2422 801 2464 ero
812 2397 976 2464 Hele'oomls
987 2445 996 2480 ,
1012 2395 1119 2462 Faber
1133 2397 1230 2462 Valla·-

124 2503 176 2568 bas
190 2516 217 2570 et
228 2499 350 2590 polrus
364 2502 459 2588 cyani
470 2499 554 2566 edrtr‘
561 2524 601 2568 ece
611 2499 776 2566 Helorus
787 2547 796 2582 ,
808 2499 944 2566 Vossius
955 2499 998 2564 Et
1008 2496 1127 2564 validis
1141 2500 1235 2584 oyoos‘

125 2605 308 2670 mestuus
319 2627 359 2668 ee
370 2602 535 2668 Heliconii
541 2651 550 2685 ,
562 2600 805 2686 Haseroampus
818 2603 960 2670 Vaiiibus
971 2613 1000 2666 et
1010 2603 1104 2687 oyem
1110 2600 1232 2668 melicis

117 2705 200 2792 sorte
214 2731 255 2772 eo
271 2703 455 2788 Heliconii,
472 2701 692 2770 Wakefieldus
707 2704 750 2768 m
770 2704 854 2771 solli
872 2707 979 2792 sysois
1000 2728 1073 2772 osee
1088 2704 1178 2770 tortis
1192 2727 1232 2770 eo

125 2807 286 2874 Heliconii
300 2805 437 2889 (scilieet
451 2806 632 2892 primordio
646 2804 787 2892 cyeno),
802 2805 959 2890 Forbigsr
974 2807 1095 2872 omissa
1109 2805 1232 2872 Gitanii

125 2909 283 2975 mentione
305 2905 397 2991 (²nos'
419 2906 523 2991 inquit
544 2905 674 2974 ‘Eiohst
691 2907 845 2993 sequuti’)
868 2913 1001 2992 propter
1014 2906 1233 2992 diphthongos

126 3010 268 3094 stillost,
287 3007 431 3076 Vallum
452 3021 481 3074 et
502 3010 613 3097 syram
623 3057 632 3092 ,
647 3033 720 3076 aare
742 3011 851 3092 tortes',
867 3033 907 3076 eor
920 3009 1108 3076 Heliconis.
1128 3008 1161 3076 in
1183 3008 1234 3074 his

127 3109 200 3177 nihil
219 3110 299 3178 boni
314 3110 398 3176 inest
411 3109 474 3176 nisi
489 3111 583 3198 epau
595 3116 626 3176 et
639 3109 795 3194 nauum,
811 3129 895 3194 quae
910 3109 954 3177 ad
969 3130 1035 3178 rem
1050 3111 1233 3178 necessario

126 3213 282 3297 pertinent
297 3261 305 3278 .
320 3211 371 3278 his
386 3211 485 3295 igitur
500 3211 656 3297 susceptis
670 3211 772 3280 verba
786 3220 937 3300 eorrupta
952 3212 999 3280 its
1017 3211 1233 3297 refingemus,

127 3314 165 3378 Et
189 3314 329 3380 velleius
357 3315 451 3401 oyoor'
474 3315 563 3380 tortia
590 3338 631 3382 eso
658 3315 824 3382 Helr'oom‘s
843 3363 851 3381 .
874 3335 959 3400 quau
980 3315 1147 3384 vooubulis
1173 3321 1235 3380 tra·

127 3415 214 3483 ieotis
234 3414 374 3500 (nullum
396 3415 480 3482 enim
502 3416 538 3482 in
560 3415 622 3482 hoo
649 3421 798 3502 podmate
820 3416 1009 3484 traiectione
1037 3417 1235 3502 frequentius

128 3517 249 3603 vitium)
262 3517 356 3584 imin
375 3537 504 3586 vorsum
527 3517 734 3586 formabimus
750 3567 759 3604 ,
774 3520 818 3586 Et
839 3540 948 3584 suess
970 3523 1059 3586 tortis
1074 3541 1237 3584 convan-

127 3639 229 3684 nrnus
245 3645 286 3688 eu
296 3619 481 3686 Hatriensis.
497 3639 573 3686 nam
588 3634 685 3688 tortas
699 3621 875 3705 snmus,
890 3620 924 3686 id
937 3627 987 3688 est
997 3640 1112 3688 ourvas
1128 3628 1159 3688 et
1174 3627 1237 3688 tor·

129 3724 256 3806 nom,
273 3739 329 3788 our
351 3721 729 3808 omnssrspudisvsrint
749 3743 815 3788 non
836 3722 957 3790 video.
980 3729 1066 3790 oerte
1088 3723 1170 3788 dixit
1192 3723 1238 3790 ita

129 3820 167 3888 ds
187 3821 319 3892 flumine
334 3822 471 3891 Ovidius
493 3823 574 3890 libro
597 3843 637 3890 ox
652 3823 756 3892 Ponto
771 3845 815 3909 nv,
829 3825 879 3910 10,
889 3823 932 3890 48
955 3837 983 3890 st
1002 3825 1108 3892 erebro
1123 3827 1239 3894 vortice

128 3935 223 3992 tortus
234 3926 361 4014 Halys,
374 3932 407 3994 et
420 3925 462 3993 de
474 3939 555 3992 torta
567 3925 704 4011 Apuliae
715 3950 773 3992 ora
784 3926 934 3992 Lamnus
945 3947 975 4009 v,
987 3926 1051 3992 378
1062 3928 1239 3994 Ausoniam

129 4049 190 4111 quo
200 4027 503 4116 torqueosfrapffer
510 4029 785 4115 orum-Apulus
793 4027 982 4096 Hadriacas
992 4029 1058 4095 ssu
1066 4029 1240 4118 Geryonae

129 4128 162 4192 is
175 4128 299 4195 undam
315 4129 468 4196 convellit
482 4135 588 4196 autem
603 4129 769 4196 Lueretius
784 4129 913 4215 seripsit
926 4129 960 4194 in
975 4150 1005 4214 v,
1020 4129 1102 4198 1375
1118 4181 1126 4210 ‚
1141 4131 1240 4196 valles

130 4249 315 4315 nusquam,
343 4229 493 4314 idemque
520 4231 670 4298 Manilius
696 4237 825 4298 secutus
855 4237 932 4315 est;
958 4237 1070 4298 eontra
1096 4231 1241 4299 catullus

132 4329 280 4400 Horatius
301 4331 451 4400 Tibullus
473 4331 609 4400 ovidius
632 4333 762 4400 (isitius
785 4333 943 4400 Martialis
971 4334 1071 4400 oolla
1097 4339 1239 4414 unum,

132 4450 194 4498 non
215 4433 397 4519 0022qu
417 4433 601 4520 Vergilius,
619 4437 766 4502 Lueanus
783 4483 791 4520 ,
806 4434 954 4502 Valerius
978 4436 1241 4519 Flaoous,1uve·

132 4534 213 4600 nalis
245 4541 442 4621 utrumque:
471 4543 618 4602 neutrum
656 4538 788 4604 Plautus
825 4537 995 4604 Terentius
1032 4535 1241 4621 Propertius.

970 4638 1009 4702 16
