3110 5146
690 349 732 412 vr
988 399 992 410 .
1067 333 1071 340 '
1200 327 1272 416 359'

154 540 270 583 crnrrr
292 519 439 602 videant,
456 518 615 584 Antonius
631 518 722 584 Marii
738 520 886 606 Ancipiti
903 523 1028 589 carce.
1045 541 1181 585 vrnsss
1196 524 1262 588 Ma

153 621 275 688 rullus.

241 721 312 789 170.
335 743 391 786 src
413 743 611 788 ruccoarru
640 744 812 795 quocun.
834 725 1028 792 Veronensis
1055 725 1153 792 editio
1176 748 1261 792 rnu-

153 846 298 910 oonrrr,
316 825 424 910 itaque
446 826 625 892 Antonius.
642 827 702 892 hoo
724 827 836 894 Cicero
858 847 916 912 pro
929 827 1069 914 fulquere
1091 849 1168 895 usus
1191 837 1260 916 est,

152 949 223 995 uum
252 927 455 994 Homericum
483 925 569 1008 Ζεύς
601 925 641 996 δέ
673 951 736 1017 σφι
766 923 932 1016 Κρονίδης
964 927 1097 1010 ἐνδέξια
1126 927 1259 1021 σήματα

152 1027 283 1119 φαίνων
300 1024 498 1115 limuisses
513 1031 560 1096 ita
580 1034 758 1117 expressit,
775 1034 936 1118 Prospero
951 1034 1094 1121 Iuppiter
1110 1037 1160 1102 laio
1184 1037 1259 1103 dccc-

151 1138 210 1202 trio
222 1135 411 1222 fiatqonlms
426 1133 510 1217 edit,
525 1133 566 1199 de
582 1133 780 1201 divinatione
802 1156 835 1218 11,
848 1134 910 1199 82:
926 1141 958 1201 et
973 1136 1094 1222 placuit
1115 1136 1176 1204 hoe
1197 1139 1258 1224 ipsi

151 1237 276 1304 Maroni
299 1236 332 1300 in
354 1257 411 1298 vm
427 1235 591 1302 Aeneidos
606 1235 691 1322 524,
706 1231 852 1323 Namque
873 1239 1198 1322 inproviso-veraces
1219 1243 1259 1306 ab

152 1341 276 1406 aethere
294 1339 413 1426 fulyor
441 1338 517 1403 Gom
551 1341 654 1406 souitu
685 1341 791 1405 veuit.
814 1338 873 1406 sed
903 1338 1069 1406 Lueretius
1091 1342 1258 1430 fulyorcm

149 1441 281 1529 proprie
304 1440 381 1506 dicit
402 1445 435 1506 et
456 1438 508 1504 hie
530 1445 562 1504 et
584 1439 616 1505 in
638 1461 733 1508 versu
756 1442 838 1507 217.

238 1543 309 1610 171.
331 1563 492 1606 rsarrua
518 1563 584 1613 om
609 1564 788 1610 urrunnun
814 1565 892 1608 rous
916 1545 941 1609 lt]
969 1565 1085 1610 srursr
1113 1567 1255 1613 ososs.

150 1648 205 1714 Sio
227 1645 386 1729 oblongus
409 1651 441 1710 et
463 1644 639 1711 Brixiensis
654 1668 661 1710 :
678 1647 719 1712 Ει
740 1647 844 1712 simili
860 1646 1057 1733 quadratus,
1075 1649 1254 1736 Antonius,

150 1749 366 1816 Veronensis.
382 1749 489 1815 verius
505 1753 553 1814 est
564 1749 598 1814 E
607 1798 615 1813 .
630 1747 780 1814 ‘tonitrua
793 1749 917 1816 tardius
932 1750 974 1815 ad
994 1740 1089 1816 aures
1104 1751 1254 1840 veniunt,

149 1873 220 1920 cum
243 1858 350 1916 tamen
372 1852 493 1936 paritor
515 1870 554 1916 ao
575 1851 706 1934 fulgura
726 1852 768 1918 ab
795 1852 862 1936 igni
886 1872 904 1918 e
926 1853 1023 1919 simili
1047 1871 1145 1919 eausa
1166 1855 1255 1920 emit-

148 1955 264 2020 tantur'
279 2001 286 2017 .
303 1959 337 2020 at
358 1954 386 2018 si
409 1953 473 2018 duo
488 1953 633 2018 membra
654 1955 738 2036 sint,
754 1960 922 2038 utrumque
943 1955 1009 2020 virn
1024 1974 1116 2020 suam
1135 1955 1255 2023 habere

149 2057 264 2123 debet:
281 2055 392 2120 horum
414 2061 521 2120 autem
543 2057 653 2140 prius,
670 2076 733 2141 quo
756 2056 841 2140 ignis
869 2063 1005 2142 utraque
1027 2041 1154 2126 mitteri
1177 2060 1254 2126 dioi-

148 2165 220 2244 tur‚
237 2158 358 2224 nullum
382 2163 575 2222 momentum
598 2157 693 2224 lacit.

236 2261 306 2326 175.
329 2279 517 2324 vnnssrus
540 2281 693 2328 rnrnau.
709 2261 768 2326 His
790 2262 887 2328 utitur
907 2262 1052 2329 Isidorus
1075 2263 1116 2330 de
1138 2271 1254 2332 natura

147 2383 253 2430 rerum
261 2382 329 2447 cap.
341 2362 382 2428 29
394 2412 400 2427 .
414 2363 692 2446 Tcnitruacutem‚
705 2363 826 2449 iuquit,
840 2365 1253 2455 enfrayorcoubiumycoc·

147 2479 281 2532 ramur:
298 2466 440 2550 concepti
459 2467 540 2530 enim
556 2466 642 2532 intra
663 2467 767 2532 sinum
786 2469 916 2534 nubium
937 2482 1097 2536 uectorem
1119 2473 1253 2556 spt’rr'tus

147 2582 313 2636 versantur
335 2565 470 2633 ibidem.
846 2621 853 2634 ,

236 2671 306 2738 178.
328 2689 538 2734 rnrsorrau.
555 2668 723 2736 Corrector
738 2669 907 2758 quadrati,
920 2673 1076 2740 Antonius
1088 2723 1096 2759 ‚
1110 2675 1253 2742 Brixien·

145 2775 212 2860 sis,
229 2793 464 2838 sannscnnn.

234 2878 497 2943 178.nnurrnnr
535 2894 630 2937 vnno
664 2873 788 2960 Gerus
825 2895 939 2940 norror
975 2897 1095 2942 souoo
1133 2900 1251 2944 consu

148 3000 344 3045 vouvnrunr
378 2997 574 3050 ournscro.
598 2977 698 3042 Immo
733 2998 934 3043 cannscrs:
957 2977 1018 3044 hoe
1050 2981 1253 3050 enimnunc

146 3085 271 3168 agitur,
287 3101 352 3146 non
368 3079 455 3164 quod
471 3097 492 3142 o
505 3078 643 3144 Marullo
658 3099 769 3146 omnes
783 3088 976 3166 acceperunt
991 3083 1153 3168 lr'qococit.
1169 3083 1252 3150 Pris-

145 3185 256 3250 cianus
279 3205 309 3269 p.
323 3183 385 3248 726
408 3187 440 3248 et
455 3181 518 3248 750
538 3181 617 3246 nihil
633 3187 767 3248 testetur
789 3183 850 3248 nisi
866 3183 1048 3249 Lucretium
1070 3191 1156 3251 recto
1174 3205 1253 3252 casu

132 3273 238 3374 'ylaris
260 3287 403 3370 dixisse,
420 3282 506 3368 quod
530 3282 607 3349 fecit
628 3289 660 3350 et
681 3285 733 3349 hio
755 3291 787 3350 et
808 3303 904 3350 versu
927 3284 1012 3352 307.

233 3390 303 3457 180.
326 3407 569 3453 annscrnnrn.
586 3385 660 3451 Itali
675 3393 708 3452 et
723 3386 899 3453 Brixieusis
919 3388 1018 3454 editio
1035 3409 1251 3456 rsnscrnrr.

234 3493 303 3559 183.
327 3513 392 3564 our
415 3511 576 3553 rrnnrus
601 3510 752 3552 annrcrr
771 3511 900 3558 auare.
917 3491 1100 3558 absurdum
1116 3491 1157 3557 de
1172 3513 1252 3558 sono

144 3596 301 3662 tonitrus.
318 3593 501 3660 necessario
524 3590 728 3658 scribendum
751 3599 800 3657 est
822 3614 976 3657 anrrcrr
999 3615 1071 3660 cum
1086 3593 1251 3659 Bentleio.

234 3698 304 3764 184.
327 3716 526 3762 oouuonuu
542 3715 588 3758 sn
610 3715 750 3760 ruerus
767 3717 909 3760 sosrnr
924 3745 931 3762 .
948 3697 1079 3762 Limina
1093 3695 1252 3780 oblongus

145 3806 177 3868 et
197 3800 356 3866 Antonius
380 3797 494 3882 Marii3
516 3796 604 3880 quod
627 3797 743 3880 probat
770 3799 962 3884 ineptiarum
985 3805 1110 3864 amator
1133 3799 1252 3866 Wake-

145 3902 258 3970 fieldus
272 3951 279 3967 .
295 3902 455 3968 oculorum
478 3900 601 3964 lomim
623 3891 754 3984 saepius
777 3897 859 3967 dixit
880 3902 1066 3968 Lueretius.

233 4005 302 4072 185.
325 4024 429 4067 usur.
445 4001 600 4068 Marullus
623 4024 736 4066 aurs.

231 4107 302 4174 191.
326 4126 491 4170 curros.
516 4104 682 4171 Correetor
712 4106 865 4191 quadrati
893 4127 1090 4172 cuuusans
1110 4156 1118 4191 ‚
1141 4107 1252 4191 itaque

146 4213 220 4278 olirn
243 4209 389 4294 impressi
413 4215 445 4274 et
467 4207 640 4272 Marullus.

233 4313 301 4378 192.
324 4331 447 4382 arcun
476 4331 620 4374 uuonan
647 4331 813 4374 surenas
837 4311 877 4376 Iu
904 4331 1063 4374 ssuronn
1084 4332 1250 4376 uocans.

146 4414 312 4498 Oblongus
335 4434 505 4476 occurras
529 4411 589 4478 hoo
619 4431 682 4477 uno
706 4413 798 4478 loeo:
819 4414 878 4478 sed
900 4412 1081 4480 servandae
1103 4420 1177 4478 sunt
1198 4414 1250 4478 vel

145 4523 255 4584 tenues
276 4514 477 4599 antiquitatis
508 4513 684 4597 reliquiae.
699 4521 765 4580 turn
792 4521 951 4582 corrector
977 4513 1125 4598 quadrati
1149 4521 1181 4580 et
1202 4535 1252 4582 ee·
