3020 5146
365 479 423 543 102
902 473 945 535 lll

286 666 335 713 695
360 649 522 729 nec,tan1
545 649 713 709 contextae
736 661 806 706 cum
829 643 911 724 sint,
929 641 1018 706 exiro
1041 640 1189 705 videntur

332 747 340 764 ’
362 759 537 824 incolumes
559 779 655 843 posse
678 764 710 822 et
731 757 840 822 salvas
863 755 1030 820 exsolvere
1052 773 1125 820 ecee

362 873 510 939 omnibns
533 893 551 937 e
573 873 678 938 nervis
701 877 799 953 atque
823 871 950 936 ossibus
973 869 1199 950 articulisque.

362 987 449 1070 quod
471 987 498 1052 si
520 986 603 1052 torte
625 993 720 1070 putas
742 985 940 1050 extrinsecus
962 983 1155 1048 insinuatam

361 1120 553 1186 permanare
576 1101 717 1164 animam
741 1099 834 1165 nobis
856 1119 914 1184 per
935 1099 1079 1162 membra
1101 1099 1205 1164 solere
1218 1148 1226 1182 ,
1239 1077 1253 1104 ⁴

289 1238 338 1284 soo
363 1223 451 1280 tanto
476 1216 593 1297 quique
617 1215 719 1298 magis
741 1235 812 1279 cum
835 1233 968 1298 corpore
990 1212 1062 1278 tirsa
1083 1213 1221 1296 peribit:

365 1329 450 1412 qnod
475 1335 643 1412 permanat
665 1330 748 1394 enim
772 1328 976 1402 dissolvitur,
993 1328 1100 1392 interit
1122 1347 1218 1412 ergo.

364 1443 548 1528 dispertitus
572 1445 655 1508 enim
677 1461 736 1528 per
758 1443 868 1508 cantas
891 1443 1033 1525 eorporis
1057 1442 1159 1507 omnis

364 1567 399 1624 ut
421 1559 529 1641 cibus,
544 1559 578 1622 in
601 1559 742 1624 membra
765 1563 862 1638 atque
885 1565 975 1621 artus
999 1577 1068 1622 cum
1092 1555 1211 1620 diditur
1233 1555 1362 1631 omnis,

365 1672 497 1757 disperit
520 1679 616 1754 atque
639 1671 736 1736 oliam
760 1679 905 1736 naturam
928 1671 1042 1737 sufficit
1064 1690 1104 1736 ex
1127 1689 1182 1746 se,

291 1807 339 1854 roo
365 1788 411 1852 sie
433 1787 544 1851 anima
566 1792 661 1868 atque
683 1786 809 1860 animus
833 1787 980 1867 quamvis
1001 1785 1128 1868 integra
1150 1803 1263 1849 recens
1285 1784 1320 1848 in
1412 1793 1418 1812 ⁰

366 1889 481 1985 corpus
506 1907 601 1982 cunt,
619 1905 725 1962 tumen
747 1898 779 1962 in
802 1899 966 1965 manando
990 1899 1226 1981 dissoluuntur,

364 2014 440 2078 dum
463 2014 556 2097 quasi
579 2034 636 2098 per
658 2015 771 2080 nautas
795 2015 897 2080 omnis
921 2013 1071 2078 diduntur
1093 2015 1125 2078 in
1149 2021 1236 2078 artus

363 2129 537 2212 particulae
560 2129 675 2210 quibus
699 2129 898 2194 neemanim
922 2136 1034 2192 natura
1056 2135 1201 2203 creatur,

365 2263 450 2325 quae
473 2243 613 2308 nuncin
636 2250 744 2308 nostro
767 2242 949 2308 dominatur
972 2261 1104 2326 corpore
1125 2249 1203 2306 nata

291 2377 340 2424 rm
366 2375 406 2422 ex
428 2357 484 2421 itta
507 2377 590 2438 qnae
612 2363 678 2422 tum
699 2357 793 2442 periit
814 2358 931 2442 partita
954 2375 1010 2440 per
1033 2363 1140 2422 artus.

365 2477 581 2555 quapropter
604 2491 708 2553 neque
731 2473 832 2538 natali
855 2473 979 2556 privata
1001 2470 1126 2536 videtur

366 2601 436 2653 esse
459 2586 511 2650 die
534 2591 650 2650 natura
673 2586 799 2651 animae
822 2603 881 2652 nco
903 2585 1025 2652 funeris
1047 2603 1183 2670 expers.

409 2700 539 2765 Semina
560 2707 729 2786 praeterea
751 2702 955 2786 linquontur,
973 2721 1094 2785 necno,
1111 2701 1229 2766 animai

365 2835 500 2900 corpore
521 2817 554 2880 in
577 2816 755 2882 exanimo?
775 2815 859 2899 qnod
883 2816 911 2881 si
933 2818 1091 2882 lincuntur
1114 2815 1295 2892 stimant,

292 2953 341 3000 ιιι
367 2930 445 2996 baut
468 2931 527 2995 erit
548 2937 582 2995 ut
604 2932 716 2996 merito
739 2931 916 2998 inmortalis
939 2933 1040 3016 possit
1062 2931 1196 3008 baberi,

364 3047 508 3131 partibus
530 3047 657 3113 arnissis
680 3049 833 3130 qnoniam
855 3047 957 3112 libata
978 3047 1129 3113 recessit:

365 3161 413 3224 sin
437 3163 483 3227 ita
507 3162 639 3228 sinceris
662 3163 811 3228 membris
833 3163 943 3228 ablata
963 3161 1123 3248 profugit,

365 3282 399 3340 nt
420 3277 526 3342 nullas
548 3278 647 3360 partis
669 3277 702 3341 in
725 3297 858 3362 corpore
881 3277 1009 3359 liquerit
1032 3295 1071 3341 ex
1094 3293 1149 3360 sc,

364 3390 450 3456 unde
473 3391 633 3457 cadavera
655 3393 798 3458 rancenti
820 3393 883 3457 iam
906 3393 1027 3458 viscere
1049 3409 1174 3456 vermes

292 3526 341 3574 720
368 3506 536 3592 expirant,
554 3513 650 3590 atque
672 3508 757 3574 unde
780 3507 978 3572 animantum
1001 3506 1094 3590 eopia
1114 3511 1205 3569 tanta

332 3677 336 3686 .
365 3640 444 3686 exos
466 3627 498 3686 et
520 3623 674 3705 exanguis
696 3623 833 3688 tumidos
856 3621 1043 3708 perfluctuat
1065 3621 1181 3686 artus?

365 3737 451 3818 qnod
474 3736 500 3801 ei
523 3736 605 3801 torte
628 3737 753 3802 animas
775 3738 972 3803 extrinsecus
994 3735 1170 3802 insinuari·

365 3850 524 3916 vermibus
548 3857 580 3917 et
602 3853 711 3937 privas
733 3853 766 3918 in
791 3873 926 3939 corpora
948 3870 1046 3936 posse
1068 3849 1178 3915 venire

365 3963 489 4049 credis,
506 3985 565 4032 nec
586 3973 716 4052 reputas
738 3987 794 4032 cnr
815 3967 905 4033 milia
926 3967 1027 4032 multa
1047 3965 1226 4030 animarum

292 4095 341 4145 ras
367 4079 559 4144 conveniant
581 4081 666 4148 unde
689 4101 755 4146 una
776 4081 963 4167 recesserit,
980 4079 1041 4146 boc
1063 4085 1171 4144 tamen
1193 4084 1242 4143 est
1262 4083 1298 4142 ut

365 4245 565 4257 ———-.-..—

369 4347 417 4396 702
443 4347 596 4412 Dispertitur
615 4363 676 4414 ergo
709 4349 722 4416 j}
756 4353 813 4404 705,
829 4351 943 4414 quumvis
962 4360 999 4401 est
1024 4347 1037 4419 {l
1063 4349 1248 4400 insitiuum.
1280 4343 1292 4416 ll
1325 4349 1376 4397 itt)
1396 4359 1453 4396 tune

370 4435 418 4486 718
443 4433 476 4486 Et
500 4431 513 4504 ΙΙ
541 4438 589 4485 tlt)
608 4437 690 4488 vicere
716 4433 729 4504 Η
756 4439 805 4487 723
824 4439 896 4506 priva
914 4439 935 4490 si
