<?xml version="1.0" encoding="UTF-8"?>
<!DOCTYPE html PUBLIC "-//W3C//DTD XHTML 1.0 Transitional//EN"
    "http://www.w3.org/TR/xhtml1/DTD/xhtml1-transitional.dtd">
<html xmlns="http://www.w3.org/1999/xhtml" xml:lang="en" lang="en">
 <head>
  <title>
</title>
<meta http-equiv="Content-Type" content="text/html;charset=utf-8" />
  <meta name='ocr-system' content='tesseract 3.04.00' />
  <meta name='ocr-capabilities' content='ocr_page ocr_carea ocr_par ocr_line ocrx_word'/>
</head>
<body>
  <div class='ocr_page' id='page_1' title='image "./tlucreticarider24carugoog_0109.png"; bbox 0 0 3020 5146; ppageno 0'>
   <div class='ocr_carea' id='block_1_1' title="bbox 347 439 930 507">
    <p class='ocr_par' dir='ltr' id='par_1_1' title="bbox 347 439 930 507">
     <span class='ocr_line' id='line_1_1' title="bbox 347 439 930 507; baseline -0.002 -4"><span class='ocrx_word' id='word_1_1' title='bbox 347 441 405 507; x_wconf 88' lang='grc'><strong>106</strong></span> <span class='ocrx_word' id='word_1_2' title='bbox 886 439 930 503; x_wconf 92' lang='lat' dir='ltr'><strong>lll</strong></span> 
     </span>
    </p>
   </div>
   <div class='ocr_carea' id='block_1_2' title="bbox 269 609 1332 4138">
    <p class='ocr_par' dir='ltr' id='par_1_2' title="bbox 269 609 1332 4138">
     <span class='ocr_line' id='line_1_2' title="bbox 345 609 1241 696; baseline 0.001 -23"><span class='ocrx_word' id='word_1_3' title='bbox 345 615 376 673; x_wconf 91' lang='lat' dir='ltr'><strong>et</strong></span> <span class='ocrx_word' id='word_1_4' title='bbox 397 609 448 673; x_wconf 88' lang='lat' dir='ltr'><strong>vol</strong></span> <span class='ocrx_word' id='word_1_5' title='bbox 472 614 506 672; x_wconf 92' lang='lat' dir='ltr'><strong>ut</strong></span> <span class='ocrx_word' id='word_1_6' title='bbox 528 615 696 674; x_wconf 85' lang='lat' dir='ltr'><strong>anteacto</strong></span> <span class='ocrx_word' id='word_1_7' title='bbox 719 610 764 674; x_wconf 93' lang='lat' dir='ltr'><strong>nil</strong></span> <span class='ocrx_word' id='word_1_8' title='bbox 788 615 930 694; x_wconf 88' lang='lat' dir='ltr'><strong>tempore</strong></span> <span class='ocrx_word' id='word_1_9' title='bbox 953 609 1110 676; x_wconf 77' lang='lat' dir='ltr'>sensimus</span> <span class='ocrx_word' id='word_1_10' title='bbox 1132 612 1241 696; x_wconf 84' lang='lat' dir='ltr'><strong>aegri,</strong></span> 
     </span>
     <span class='ocr_line' id='line_1_3' title="bbox 344 721 1190 805; baseline 0.004 -18"><span class='ocrx_word' id='word_1_11' title='bbox 344 721 386 787; x_wconf 91' lang='lat' dir='ltr'><strong>ad</strong></span> <span class='ocrx_word' id='word_1_12' title='bbox 410 723 646 805; x_wconf 90' lang='lat' dir='ltr'><strong>confligendum</strong></span> <span class='ocrx_word' id='word_1_13' title='bbox 667 724 868 790; x_wconf 87' lang='lat' dir='ltr'><strong>venientibus</strong></span> <span class='ocrx_word' id='word_1_14' title='bbox 889 723 1029 805; x_wconf 90' lang='lat' dir='ltr'><strong>undiquc</strong></span> <span class='ocrx_word' id='word_1_15' title='bbox 1050 724 1190 803; x_wconf 78' lang='lat' dir='ltr'>Poenis,</span> 
     </span>
     <span class='ocr_line' id='line_1_4' title="bbox 343 837 1130 922; baseline -0.001 -18"><span class='ocrx_word' id='word_1_16' title='bbox 343 838 452 904; x_wconf 87' lang='lat' dir='ltr'><strong>omnia</strong></span> <span class='ocrx_word' id='word_1_17' title='bbox 475 857 546 903; x_wconf 91' lang='lat' dir='ltr'><strong>cum</strong></span> <span class='ocrx_word' id='word_1_18' title='bbox 570 838 646 902; x_wconf 91' lang='lat' dir='ltr'><strong>belli</strong></span> <span class='ocrx_word' id='word_1_19' title='bbox 667 837 793 922; x_wconf 90' lang='lat' dir='ltr'><strong>trepido</strong></span> <span class='ocrx_word' id='word_1_20' title='bbox 817 857 974 904; x_wconf 86' lang='lat' dir='ltr'><strong>concussa</strong></span> <span class='ocrx_word' id='word_1_21' title='bbox 996 839 1130 904; x_wconf 84' lang='lat' dir='ltr'><strong>tumultu</strong></span> 
     </span>
     <span class='ocr_line' id='line_1_5' title="bbox 271 951 1160 1032; baseline 0.003 -16"><span class='ocrx_word' id='word_1_22' title='bbox 271 971 321 1018; x_wconf 86' lang='grc'><strong>555</strong></span> <span class='ocrx_word' id='word_1_23' title='bbox 347 951 477 1016; x_wconf 89' lang='lat' dir='ltr'><strong>horrida</strong></span> <span class='ocrx_word' id='word_1_24' title='bbox 500 959 717 1018; x_wconf 81' lang='lat' dir='ltr'><strong>contremuere</strong></span> <span class='ocrx_word' id='word_1_25' title='bbox 740 953 798 1016; x_wconf 90' lang='lat' dir='ltr'><strong>sub</strong></span> <span class='ocrx_word' id='word_1_26' title='bbox 820 952 894 1018; x_wconf 86' lang='lat' dir='ltr'><strong>altis</strong></span> <span class='ocrx_word' id='word_1_27' title='bbox 915 951 1054 1018; x_wconf 85' lang='lat' dir='ltr'><strong>aetheris</strong></span> <span class='ocrx_word' id='word_1_28' title='bbox 1076 955 1160 1032; x_wconf 81' lang='lat' dir='ltr'><strong>oris,</strong></span> 
     </span>
     <span class='ocr_line' id='line_1_6' title="bbox 343 1066 1227 1149; baseline 0.005 -19"><span class='ocrx_word' id='word_1_29' title='bbox 343 1067 375 1130; x_wconf 94' lang='lat' dir='ltr'><strong>in</strong></span> <span class='ocrx_word' id='word_1_30' title='bbox 400 1067 561 1149; x_wconf 89' lang='lat' dir='ltr'><strong>dubioque</strong></span> <span class='ocrx_word' id='word_1_31' title='bbox 583 1066 673 1132; x_wconf 85' lang='lat' dir='ltr'><strong>fuere</strong></span> <span class='ocrx_word' id='word_1_32' title='bbox 696 1074 837 1132; x_wconf 91' lang='lat' dir='ltr'><strong>utrorum</strong></span> <span class='ocrx_word' id='word_1_33' title='bbox 859 1068 901 1131; x_wconf 87' lang='lat' dir='ltr'><strong>nd</strong></span> <span class='ocrx_word' id='word_1_34' title='bbox 924 1085 1026 1148; x_wconf 83' lang='lat' dir='ltr'><strong>regna</strong></span> <span class='ocrx_word' id='word_1_35' title='bbox 1049 1067 1227 1134; x_wconf 87' lang='lat' dir='ltr'><strong>cadendum</strong></span> 
     </span>
     <span class='ocr_line' id='line_1_7' title="bbox 345 1167 1124 1264; baseline 0.003 -20"><span class='ocrx_word' id='word_1_36' title='bbox 345 1181 492 1246; x_wconf 90' lang='lat' dir='ltr'><strong>omnibns</strong></span> <span class='ocrx_word' id='word_1_37' title='bbox 513 1167 660 1246; x_wconf 85' lang='lat' dir='ltr'><strong>humenis</strong></span> <span class='ocrx_word' id='word_1_38' title='bbox 682 1188 768 1248; x_wconf 89' lang='lat' dir='ltr'><strong>esset</strong></span> <span class='ocrx_word' id='word_1_39' title='bbox 788 1189 936 1264; x_wconf 87' lang='lat' dir='ltr'><strong>terraque</strong></span> <span class='ocrx_word' id='word_1_40' title='bbox 960 1181 1124 1264; x_wconf 87' lang='lat' dir='ltr'><strong>marique,</strong></span> 
     </span>
     <span class='ocr_line' id='line_1_8' title="bbox 347 1295 1241 1380; baseline 0.003 -21"><span class='ocrx_word' id='word_1_41' title='bbox 347 1295 413 1372; x_wconf 88' lang='lat' dir='ltr'><strong>sic,</strong></span> <span class='ocrx_word' id='word_1_42' title='bbox 430 1295 483 1359; x_wconf 94' lang='lat' dir='ltr'><strong>ubi</strong></span> <span class='ocrx_word' id='word_1_43' title='bbox 505 1315 567 1360; x_wconf 89' lang='lat' dir='ltr'><strong>nou</strong></span> <span class='ocrx_word' id='word_1_44' title='bbox 591 1295 727 1380; x_wconf 88' lang='lat' dir='ltr'><strong>erimus,</strong></span> <span class='ocrx_word' id='word_1_45' title='bbox 745 1317 814 1362; x_wconf 90' lang='lat' dir='ltr'><strong>cnm</strong></span> <span class='ocrx_word' id='word_1_46' title='bbox 838 1295 982 1380; x_wconf 87' lang='lat' dir='ltr'><strong>corporis</strong></span> <span class='ocrx_word' id='word_1_47' title='bbox 1004 1301 1099 1378; x_wconf 89' lang='lat' dir='ltr'><strong>atque</strong></span> <span class='ocrx_word' id='word_1_48' title='bbox 1121 1297 1241 1362; x_wconf 89' lang='lat' dir='ltr'><strong>animai</strong></span> 
     </span>
     <span class='ocr_line' id='line_1_9' title="bbox 346 1409 1191 1497; baseline 0.002 -25"><span class='ocrx_word' id='word_1_49' title='bbox 346 1409 514 1475; x_wconf 79' lang='lat' dir='ltr'><strong>discidium</strong></span> <span class='ocrx_word' id='word_1_50' title='bbox 539 1409 652 1493; x_wconf 82' lang='lat' dir='ltr'><strong>luerit,</strong></span> <span class='ocrx_word' id='word_1_51' title='bbox 672 1412 786 1493; x_wconf 89' lang='lat' dir='ltr'><strong>quibus</strong></span> <span class='ocrx_word' id='word_1_52' title='bbox 808 1431 826 1475; x_wconf 91' lang='lat' dir='ltr'><strong>e</strong></span> <span class='ocrx_word' id='word_1_53' title='bbox 849 1429 958 1476; x_wconf 88' lang='lat' dir='ltr'><strong>sumus</strong></span> <span class='ocrx_word' id='word_1_54' title='bbox 980 1409 1084 1476; x_wconf 85' lang='lat' dir='ltr'><strong>uniter</strong></span> <span class='ocrx_word' id='word_1_55' title='bbox 1104 1411 1191 1497; x_wconf 88' lang='lat' dir='ltr'><strong>apti,</strong></span> 
     </span>
     <span class='ocr_line' id='line_1_10' title="bbox 273 1524 1321 1608; baseline 0.001 -16"><span class='ocrx_word' id='word_1_56' title='bbox 273 1545 323 1592; x_wconf 78' lang='grc'><strong>555</strong></span> <span class='ocrx_word' id='word_1_57' title='bbox 349 1525 490 1602; x_wconf 85' lang='lat' dir='ltr'><strong>scilicet,</strong></span> <span class='ocrx_word' id='word_1_58' title='bbox 508 1524 592 1588; x_wconf 88' lang='lat' dir='ltr'><strong>hand</strong></span> <span class='ocrx_word' id='word_1_59' title='bbox 616 1525 708 1590; x_wconf 87' lang='lat' dir='ltr'><strong>uobis</strong></span> <span class='ocrx_word' id='word_1_60' title='bbox 730 1525 920 1608; x_wconf 81' lang='lat' dir='ltr'><strong>quicquam,</strong></span> <span class='ocrx_word' id='word_1_61' title='bbox 937 1525 990 1608; x_wconf 93' lang='lat' dir='ltr'><strong>qui</strong></span> <span class='ocrx_word' id='word_1_62' title='bbox 1011 1545 1075 1590; x_wconf 93' lang='lat' dir='ltr'><strong>non</strong></span> <span class='ocrx_word' id='word_1_63' title='bbox 1098 1527 1215 1592; x_wconf 87' lang='lat' dir='ltr'><strong>crimus</strong></span> <span class='ocrx_word' id='word_1_64' title='bbox 1237 1535 1321 1604; x_wconf 82' lang='lat' dir='ltr'><strong>tum,</strong></span> 
     </span>
     <span class='ocr_line' id='line_1_11' title="bbox 344 1639 1161 1724; baseline 0.005 -21"><span class='ocrx_word' id='word_1_65' title='bbox 344 1639 489 1704; x_wconf 88' lang='lat' dir='ltr'><strong>accidere</strong></span> <span class='ocrx_word' id='word_1_66' title='bbox 512 1639 640 1704; x_wconf 90' lang='lat' dir='ltr'><strong>omnino</strong></span> <span class='ocrx_word' id='word_1_67' title='bbox 663 1641 779 1724; x_wconf 84' lang='lat' dir='ltr'><strong>poterit</strong></span> <span class='ocrx_word' id='word_1_68' title='bbox 799 1658 991 1722; x_wconf 75' lang='lat' dir='ltr'><strong>sensumque</strong></span> <span class='ocrx_word' id='word_1_69' title='bbox 1014 1661 1161 1720; x_wconf 79' lang='lat' dir='ltr'><strong>movere,</strong></span> 
     </span>
     <span class='ocr_line' id='line_1_12' title="bbox 343 1755 1168 1820; baseline 0.001 -3"><span class='ocrx_word' id='word_1_70' title='bbox 343 1774 408 1818; x_wconf 94' lang='lat' dir='ltr'><strong>non</strong></span> <span class='ocrx_word' id='word_1_71' title='bbox 429 1755 456 1818; x_wconf 90' lang='lat' dir='ltr'><strong>si</strong></span> <span class='ocrx_word' id='word_1_72' title='bbox 479 1759 563 1817; x_wconf 90' lang='lat' dir='ltr'><strong>terra</strong></span> <span class='ocrx_word' id='word_1_73' title='bbox 586 1755 665 1818; x_wconf 85' lang='lat' dir='ltr'><strong>mari</strong></span> <span class='ocrx_word' id='word_1_74' title='bbox 688 1755 871 1820; x_wconf 81' lang='lat' dir='ltr'><strong>miscebitur</strong></span> <span class='ocrx_word' id='word_1_75' title='bbox 893 1761 924 1818; x_wconf 90' lang='lat' dir='ltr'><strong>et</strong></span> <span class='ocrx_word' id='word_1_76' title='bbox 946 1773 1035 1820; x_wconf 88' lang='lat' dir='ltr'><strong>mare</strong></span> <span class='ocrx_word' id='word_1_77' title='bbox 1058 1755 1168 1820; x_wconf 87' lang='lat' dir='ltr'><strong>caelo.</strong></span> 
     </span>
     <span class='ocr_line' id='line_1_13' title="bbox 345 1867 1206 1952; baseline 0.005 -22"><span class='ocrx_word' id='word_1_78' title='bbox 345 1875 376 1930; x_wconf 90' lang='lat' dir='ltr'><strong>et</strong></span> <span class='ocrx_word' id='word_1_79' title='bbox 398 1867 425 1932; x_wconf 90' lang='lat' dir='ltr'><strong>si</strong></span> <span class='ocrx_word' id='word_1_80' title='bbox 447 1868 511 1932; x_wconf 84' lang='lat' dir='ltr'><strong>iam</strong></span> <span class='ocrx_word' id='word_1_81' title='bbox 535 1875 642 1934; x_wconf 86' lang='lat' dir='ltr'><strong>nostro</strong></span> <span class='ocrx_word' id='word_1_82' title='bbox 665 1869 760 1934; x_wconf 85' lang='lat' dir='ltr'><strong>sentit</strong></span> <span class='ocrx_word' id='word_1_83' title='bbox 782 1867 822 1933; x_wconf 89' lang='lat' dir='ltr'><strong>dc</strong></span> <span class='ocrx_word' id='word_1_84' title='bbox 846 1887 998 1952; x_wconf 83' lang='lat' dir='ltr'><strong>corpore,</strong></span> <span class='ocrx_word' id='word_1_85' title='bbox 1014 1875 1087 1952; x_wconf 87' lang='lat' dir='ltr'><strong>post</strong></span> <span class='ocrx_word' id='word_1_86' title='bbox 1109 1889 1206 1951; x_wconf 87' lang='lat' dir='ltr'><strong>quarn</strong></span> 
     </span>
     <span class='ocr_line' id='line_1_14' title="bbox 344 1982 1194 2067; baseline 0.004 -21"><span class='ocrx_word' id='word_1_87' title='bbox 344 1983 544 2060; x_wconf 83' lang='lat' dir='ltr'><strong>distractast,</strong></span> <span class='ocrx_word' id='word_1_88' title='bbox 561 1983 658 2048; x_wconf 87' lang='lat' dir='ltr'><strong>animi</strong></span> <span class='ocrx_word' id='word_1_89' title='bbox 681 1989 796 2046; x_wconf 86' lang='lat' dir='ltr'><strong>natura</strong></span> <span class='ocrx_word' id='word_1_90' title='bbox 817 1982 1010 2065; x_wconf 77' lang='lat' dir='ltr'><strong>animaeque</strong></span> <span class='ocrx_word' id='word_1_91' title='bbox 1032 1989 1194 2067; x_wconf 83' lang='lat' dir='ltr'><strong>potestas,</strong></span> 
     </span>
     <span class='ocr_line' id='line_1_15' title="bbox 269 2097 1214 2182; baseline 0.002 -20"><span class='ocrx_word' id='word_1_92' title='bbox 269 2117 319 2164; x_wconf 80' lang='lat' dir='ltr'><strong>ers</strong></span> <span class='ocrx_word' id='word_1_93' title='bbox 345 2097 390 2161; x_wconf 88' lang='lat' dir='ltr'><strong>nil</strong></span> <span class='ocrx_word' id='word_1_94' title='bbox 412 2105 519 2162; x_wconf 85' lang='lat' dir='ltr'><strong>tamen</strong></span> <span class='ocrx_word' id='word_1_95' title='bbox 542 2105 591 2162; x_wconf 88' lang='lat' dir='ltr'><strong>est</strong></span> <span class='ocrx_word' id='word_1_96' title='bbox 612 2098 653 2162; x_wconf 88' lang='lat' dir='ltr'><strong>ad</strong></span> <span class='ocrx_word' id='word_1_97' title='bbox 676 2117 755 2176; x_wconf 85' lang='lat' dir='ltr'><strong>nos,</strong></span> <span class='ocrx_word' id='word_1_98' title='bbox 773 2097 828 2179; x_wconf 93' lang='lat' dir='ltr'><strong>qui</strong></span> <span class='ocrx_word' id='word_1_99' title='bbox 850 2105 978 2182; x_wconf 87' lang='lat' dir='ltr'><strong>comptu</strong></span> <span class='ocrx_word' id='word_1_100' title='bbox 1000 2097 1214 2180; x_wconf 88' lang='lat' dir='ltr'><strong>coniugioque</strong></span> 
     </span>
     <span class='ocr_line' id='line_1_16' title="bbox 343 2212 1214 2298; baseline 0.002 -22"><span class='ocrx_word' id='word_1_101' title='bbox 343 2212 485 2296; x_wconf 89' lang='lat' dir='ltr'><strong>corporis</strong></span> <span class='ocrx_word' id='word_1_102' title='bbox 508 2219 605 2293; x_wconf 91' lang='lat' dir='ltr'><strong>atque</strong></span> <span class='ocrx_word' id='word_1_103' title='bbox 629 2213 755 2278; x_wconf 88' lang='lat' dir='ltr'><strong>animae</strong></span> <span class='ocrx_word' id='word_1_104' title='bbox 777 2212 981 2278; x_wconf 83' lang='lat' dir='ltr'><strong>consistimus</strong></span> <span class='ocrx_word' id='word_1_105' title='bbox 1002 2213 1106 2278; x_wconf 89' lang='lat' dir='ltr'><strong>uniter</strong></span> <span class='ocrx_word' id='word_1_106' title='bbox 1127 2214 1214 2298; x_wconf 87' lang='lat' dir='ltr'><strong>apti.</strong></span> 
     </span>
     <span class='ocr_line' id='line_1_17' title="bbox 344 2318 1118 2410; baseline 0.003 -20"><span class='ocrx_word' id='word_1_107' title='bbox 344 2345 423 2402; x_wconf 88' lang='lat' dir='ltr'><strong>neo,</strong></span> <span class='ocrx_word' id='word_1_108' title='bbox 440 2326 466 2391; x_wconf 92' lang='lat' dir='ltr'><strong>si</strong></span> <span class='ocrx_word' id='word_1_109' title='bbox 490 2327 654 2392; x_wconf 91' lang='lat' dir='ltr'><strong>materiem</strong></span> <span class='ocrx_word' id='word_1_110' title='bbox 679 2318 818 2392; x_wconf 83' lang='lat' dir='ltr'><strong>nostram</strong></span> <span class='ocrx_word' id='word_1_111' title='bbox 842 2327 1008 2410; x_wconf 83' lang='lat' dir='ltr'><strong>collegerit</strong></span> <span class='ocrx_word' id='word_1_112' title='bbox 1029 2334 1118 2392; x_wconf 82' lang='lat' dir='ltr'><strong>aetas</strong></span> 
     </span>
     <span class='ocr_line' id='line_1_18' title="bbox 344 2440 1289 2526; baseline 0.004 -22"><span class='ocrx_word' id='word_1_113' title='bbox 344 2447 418 2524; x_wconf 89' lang='lat' dir='ltr'><strong>post</strong></span> <span class='ocrx_word' id='word_1_114' title='bbox 440 2440 561 2507; x_wconf 91' lang='lat' dir='ltr'><strong>obitum</strong></span> <span class='ocrx_word' id='word_1_115' title='bbox 585 2461 772 2524; x_wconf 88' lang='lat' dir='ltr'><strong>rursumque</strong></span> <span class='ocrx_word' id='word_1_116' title='bbox 795 2443 955 2526; x_wconf 81' lang='lat' dir='ltr'><strong>redegerit</strong></span> <span class='ocrx_word' id='word_1_117' title='bbox 976 2448 1010 2508; x_wconf 90' lang='lat' dir='ltr'><strong>ut</strong></span> <span class='ocrx_word' id='word_1_118' title='bbox 1031 2443 1095 2507; x_wconf 88' lang='lat' dir='ltr'><strong>sita</strong></span> <span class='ocrx_word' id='word_1_119' title='bbox 1116 2461 1199 2508; x_wconf 91' lang='lat' dir='ltr'><strong>nunc</strong></span> <span class='ocrx_word' id='word_1_120' title='bbox 1221 2449 1289 2520; x_wconf 81' lang='lat' dir='ltr'><strong>est,</strong></span> 
     </span>
     <span class='ocr_line' id='line_1_19' title="bbox 343 2556 1193 2642; baseline 0.004 -23"><span class='ocrx_word' id='word_1_121' title='bbox 343 2561 438 2637; x_wconf 87' lang='lat' dir='ltr'><strong>atquc</strong></span> <span class='ocrx_word' id='word_1_122' title='bbox 460 2557 574 2622; x_wconf 90' lang='lat' dir='ltr'><strong>iterum</strong></span> <span class='ocrx_word' id='word_1_123' title='bbox 597 2556 690 2622; x_wconf 88' lang='lat' dir='ltr'><strong>nobis</strong></span> <span class='ocrx_word' id='word_1_124' title='bbox 712 2557 828 2622; x_wconf 84' lang='lat' dir='ltr'><strong>suerint</strong></span> <span class='ocrx_word' id='word_1_125' title='bbox 850 2557 925 2622; x_wconf 84' lang='lat' dir='ltr'><strong>date</strong></span> <span class='ocrx_word' id='word_1_126' title='bbox 945 2558 1068 2622; x_wconf 88' lang='lat' dir='ltr'><strong>lumina</strong></span> <span class='ocrx_word' id='word_1_127' title='bbox 1090 2557 1193 2642; x_wconf 85' lang='lat' dir='ltr'><strong>vitae,</strong></span> 
     </span>
     <span class='ocr_line' id='line_1_20' title="bbox 269 2671 1332 2758; baseline 0.003 -22"><span class='ocrx_word' id='word_1_128' title='bbox 269 2691 320 2736; x_wconf 84' lang='grc'><strong>555</strong></span> <span class='ocrx_word' id='word_1_129' title='bbox 345 2671 502 2753; x_wconf 85' lang='lat' dir='ltr'><strong>pertineat</strong></span> <span class='ocrx_word' id='word_1_130' title='bbox 524 2671 693 2754; x_wconf 87' lang='lat' dir='ltr'><strong>quicquam</strong></span> <span class='ocrx_word' id='word_1_131' title='bbox 716 2678 823 2737; x_wconf 86' lang='lat' dir='ltr'><strong>tamen</strong></span> <span class='ocrx_word' id='word_1_132' title='bbox 845 2672 887 2738; x_wconf 92' lang='lat' dir='ltr'><strong>ad</strong></span> <span class='ocrx_word' id='word_1_133' title='bbox 911 2691 970 2738; x_wconf 89' lang='lat' dir='ltr'><strong>uos</strong></span> <span class='ocrx_word' id='word_1_134' title='bbox 991 2673 1023 2736; x_wconf 92' lang='lat' dir='ltr'><strong>id</strong></span> <span class='ocrx_word' id='word_1_135' title='bbox 1048 2691 1175 2755; x_wconf 92' lang='lat' dir='ltr'><strong>quoque</strong></span> <span class='ocrx_word' id='word_1_136' title='bbox 1197 2671 1332 2758; x_wconf 82' lang='lat' dir='ltr'><strong>facum,</strong></span> 
     </span>
     <span class='ocr_line' id='line_1_21' title="bbox 344 2785 1131 2870; baseline 0.003 -22"><span class='ocrx_word' id='word_1_137' title='bbox 344 2785 520 2870; x_wconf 75' lang='lat' dir='ltr'><strong>interrupta</strong></span> <span class='ocrx_word' id='word_1_138' title='bbox 542 2785 642 2852; x_wconf 88' lang='lat' dir='ltr'><strong>semel</strong></span> <span class='ocrx_word' id='word_1_139' title='bbox 665 2805 736 2852; x_wconf 91' lang='lat' dir='ltr'><strong>cum</strong></span> <span class='ocrx_word' id='word_1_140' title='bbox 758 2787 798 2852; x_wconf 90' lang='lat' dir='ltr'><strong>sit</strong></span> <span class='ocrx_word' id='word_1_141' title='bbox 820 2787 990 2852; x_wconf 85' lang='lat' dir='ltr'><strong>retinentia</strong></span> <span class='ocrx_word' id='word_1_142' title='bbox 1011 2787 1131 2852; x_wconf 84' lang='lat' dir='ltr'><strong>nostri.</strong></span> 
     </span>
     <span class='ocr_line' id='line_1_22' title="bbox 347 2899 1128 2985; baseline 0.003 -19"><span class='ocrx_word' id='word_1_143' title='bbox 347 2905 379 2966; x_wconf 93' lang='lat' dir='ltr'><strong>et</strong></span> <span class='ocrx_word' id='word_1_144' title='bbox 400 2921 484 2966; x_wconf 93' lang='lat' dir='ltr'><strong>nuno</strong></span> <span class='ocrx_word' id='word_1_145' title='bbox 507 2899 552 2964; x_wconf 90' lang='lat' dir='ltr'><strong>nil</strong></span> <span class='ocrx_word' id='word_1_146' title='bbox 575 2899 618 2966; x_wconf 90' lang='lat' dir='ltr'><strong>ad</strong></span> <span class='ocrx_word' id='word_1_147' title='bbox 641 2921 701 2966; x_wconf 87' lang='lat' dir='ltr'><strong>uos</strong></span> <span class='ocrx_word' id='word_1_148' title='bbox 723 2901 763 2967; x_wconf 93' lang='lat' dir='ltr'><strong>de</strong></span> <span class='ocrx_word' id='word_1_149' title='bbox 786 2903 879 2968; x_wconf 87' lang='lat' dir='ltr'><strong>nobis</strong></span> <span class='ocrx_word' id='word_1_150' title='bbox 903 2902 1035 2985; x_wconf 88' lang='lat' dir='ltr'><strong>attinet,</strong></span> <span class='ocrx_word' id='word_1_151' title='bbox 1053 2909 1128 2968; x_wconf 89' lang='lat' dir='ltr'><strong>aule</strong></span> 
     </span>
     <span class='ocr_line' id='line_1_23' title="bbox 348 3014 1279 3100; baseline 0.002 -20"><span class='ocrx_word' id='word_1_152' title='bbox 348 3015 401 3099; x_wconf 91' lang='lat' dir='ltr'><strong>qui</strong></span> <span class='ocrx_word' id='word_1_153' title='bbox 424 3014 562 3094; x_wconf 85' lang='lat' dir='ltr'><strong>fuimus,</strong></span> <span class='ocrx_word' id='word_1_154' title='bbox 579 3034 684 3098; x_wconf 88' lang='lat' dir='ltr'><strong>neque</strong></span> <span class='ocrx_word' id='word_1_155' title='bbox 706 3017 770 3082; x_wconf 84' lang='lat' dir='ltr'><strong>ianr</strong></span> <span class='ocrx_word' id='word_1_156' title='bbox 793 3019 834 3084; x_wconf 90' lang='lat' dir='ltr'><strong>de</strong></span> <span class='ocrx_word' id='word_1_157' title='bbox 857 3018 922 3082; x_wconf 89' lang='lat' dir='ltr'><strong>illis</strong></span> <span class='ocrx_word' id='word_1_158' title='bbox 946 3037 1004 3084; x_wconf 87' lang='lat' dir='ltr'><strong>nos</strong></span> <span class='ocrx_word' id='word_1_159' title='bbox 1027 3017 1133 3082; x_wconf 87' lang='lat' dir='ltr'><strong>adlicit</strong></span> <span class='ocrx_word' id='word_1_160' title='bbox 1155 3037 1279 3100; x_wconf 87' lang='lat' dir='ltr'><strong>angor.</strong></span> 
     </span>
     <span class='ocr_line' id='line_1_24' title="bbox 346 3132 1143 3218; baseline 0 -22"><span class='ocrx_word' id='word_1_161' title='bbox 346 3151 419 3196; x_wconf 89' lang='lat' dir='ltr'><strong>nam</strong></span> <span class='ocrx_word' id='word_1_162' title='bbox 444 3151 514 3196; x_wconf 92' lang='lat' dir='ltr'><strong>cnm</strong></span> <span class='ocrx_word' id='word_1_163' title='bbox 537 3132 692 3215; x_wconf 82' lang='lat' dir='ltr'><strong>respicias</strong></span> <span class='ocrx_word' id='word_1_164' title='bbox 714 3132 851 3199; x_wconf 87' lang='lat' dir='ltr'><strong>inmensi</strong></span> <span class='ocrx_word' id='word_1_165' title='bbox 873 3132 1026 3218; x_wconf 91' lang='lat' dir='ltr'><strong>temporis</strong></span> <span class='ocrx_word' id='word_1_166' title='bbox 1049 3151 1143 3197; x_wconf 90' lang='lat' dir='ltr'><strong>omne</strong></span> 
     </span>
     <span class='ocr_line' id='line_1_25' title="bbox 270 3247 1113 3333; baseline -0.006 -16"><span class='ocrx_word' id='word_1_167' title='bbox 270 3267 320 3317; x_wconf 82' lang='grc'><strong>555</strong></span> <span class='ocrx_word' id='word_1_168' title='bbox 345 3247 552 3333; x_wconf 85' lang='lat' dir='ltr'><strong>praeteritum</strong></span> <span class='ocrx_word' id='word_1_169' title='bbox 575 3247 734 3333; x_wconf 87' lang='lat' dir='ltr'><strong>spatium,</strong></span> <span class='ocrx_word' id='word_1_170' title='bbox 751 3254 818 3313; x_wconf 90' lang='lat' dir='ltr'><strong>tum</strong></span> <span class='ocrx_word' id='word_1_171' title='bbox 840 3253 945 3314; x_wconf 87' lang='lat' dir='ltr'><strong>motus</strong></span> <span class='ocrx_word' id='word_1_172' title='bbox 966 3247 1113 3312; x_wconf 84' lang='lat' dir='ltr'><strong>materiai</strong></span> 
     </span>
     <span class='ocr_line' id='line_1_26' title="bbox 347 3359 1303 3446; baseline 0 -18"><span class='ocrx_word' id='word_1_173' title='bbox 347 3363 541 3430; x_wconf 89' lang='lat' dir='ltr'><strong>multimodis</strong></span> <span class='ocrx_word' id='word_1_174' title='bbox 564 3385 659 3446; x_wconf 85' lang='lat' dir='ltr'><strong>quam</strong></span> <span class='ocrx_word' id='word_1_175' title='bbox 683 3363 765 3441; x_wconf 78' lang='lat' dir='ltr'><strong>sint,</strong></span> <span class='ocrx_word' id='word_1_176' title='bbox 782 3363 876 3429; x_wconf 82' lang='lat' dir='ltr'><strong>facilc</strong></span> <span class='ocrx_word' id='word_1_177' title='bbox 897 3362 958 3428; x_wconf 92' lang='lat' dir='ltr'><strong>hoc</strong></span> <span class='ocrx_word' id='word_1_178' title='bbox 981 3359 1155 3427; x_wconf 90' lang='lat' dir='ltr'><strong>adcredere</strong></span> <span class='ocrx_word' id='word_1_179' title='bbox 1176 3363 1303 3446; x_wconf 84' lang='lat' dir='ltr'><strong>possis,</strong></span> 
     </span>
     <span class='ocr_line' id='line_1_27' title="bbox 347 3476 1320 3564; baseline -0.002 -20"><span class='ocrx_word' id='word_1_180' title='bbox 347 3479 470 3544; x_wconf 88' lang='lat' dir='ltr'><strong>semina</strong></span> <span class='ocrx_word' id='word_1_181' title='bbox 492 3499 591 3564; x_wconf 87' lang='lat' dir='ltr'><strong>saepe</strong></span> <span class='ocrx_word' id='word_1_182' title='bbox 613 3482 646 3545; x_wconf 92' lang='lat' dir='ltr'><strong>in</strong></span> <span class='ocrx_word' id='word_1_183' title='bbox 670 3479 784 3545; x_wconf 88' lang='lat' dir='ltr'><strong>eodem</strong></span> <span class='ocrx_word' id='word_1_184' title='bbox 798 3529 805 3558; x_wconf 88' lang='lat'>‚</span> <span class='ocrx_word' id='word_1_185' title='bbox 820 3484 855 3542; x_wconf 93' lang='lat' dir='ltr'><strong>nt</strong></span> <span class='ocrx_word' id='word_1_186' title='bbox 876 3497 961 3542; x_wconf 89' lang='lat' dir='ltr'><strong>nnnc</strong></span> <span class='ocrx_word' id='word_1_187' title='bbox 983 3485 1076 3560; x_wconf 87' lang='lat' dir='ltr'><strong>sunt,</strong></span> <span class='ocrx_word' id='word_1_188' title='bbox 1093 3476 1205 3542; x_wconf 88' lang='lat' dir='ltr'><strong>ordine</strong></span> <span class='ocrx_word' id='word_1_189' title='bbox 1227 3485 1320 3560; x_wconf 86' lang='lat' dir='ltr'><strong>posta</strong></span> 
     </span>
     <span class='ocr_line' id='line_1_28' title="bbox 272 3592 1329 3679; baseline -0.004 -17"><span class='ocrx_word' id='word_1_190' title='bbox 272 3617 322 3663; x_wconf 82' lang='grc'><strong>555</strong></span> <span class='ocrx_word' id='word_1_191' title='bbox 347 3593 428 3660; x_wconf 89' lang='lat' dir='ltr'><strong>haec</strong></span> <span class='ocrx_word' id='word_1_192' title='bbox 451 3594 586 3679; x_wconf 88' lang='lat' dir='ltr'><strong>eadem,</strong></span> <span class='ocrx_word' id='word_1_193' title='bbox 604 3595 719 3678; x_wconf 88' lang='lat' dir='ltr'><strong>quibus</strong></span> <span class='ocrx_word' id='word_1_194' title='bbox 741 3613 759 3659; x_wconf 90' lang='grc'><strong>5</strong></span> <span class='ocrx_word' id='word_1_195' title='bbox 783 3611 866 3658; x_wconf 94' lang='lat' dir='ltr'><strong>nunc</strong></span> <span class='ocrx_word' id='word_1_196' title='bbox 888 3613 947 3658; x_wconf 87' lang='lat' dir='ltr'><strong>uos</strong></span> <span class='ocrx_word' id='word_1_197' title='bbox 969 3612 1099 3676; x_wconf 85' lang='lat' dir='ltr'><strong>sumus,</strong></span> <span class='ocrx_word' id='word_1_198' title='bbox 1114 3597 1188 3656; x_wconf 88' lang='lat' dir='ltr'><strong>aule</strong></span> <span class='ocrx_word' id='word_1_199' title='bbox 1210 3592 1329 3658; x_wconf 87' lang='lat' dir='ltr'><strong>fuisse:</strong></span> 
     </span>
     <span class='ocr_line' id='line_1_29' title="bbox 271 3705 1324 3792; baseline -0.007 -15"><span class='ocrx_word' id='word_1_200' title='bbox 271 3730 321 3777; x_wconf 85' lang='grc'><strong>555</strong></span> <span class='ocrx_word' id='word_1_201' title='bbox 348 3729 407 3775; x_wconf 88' lang='lat' dir='ltr'><strong>nec</strong></span> <span class='ocrx_word' id='word_1_202' title='bbox 428 3708 562 3774; x_wconf 84' lang='lat' dir='ltr'><strong>memori</strong></span> <span class='ocrx_word' id='word_1_203' title='bbox 584 3715 691 3774; x_wconf 88' lang='lat' dir='ltr'><strong>tamen</strong></span> <span class='ocrx_word' id='word_1_204' title='bbox 713 3709 746 3774; x_wconf 90' lang='lat' dir='ltr'><strong>id</strong></span> <span class='ocrx_word' id='word_1_205' title='bbox 771 3709 898 3791; x_wconf 85' lang='lat' dir='ltr'><strong>quimus</strong></span> <span class='ocrx_word' id='word_1_206' title='bbox 919 3705 1177 3792; x_wconf 88' lang='lat' dir='ltr'><strong>repraehendere</strong></span> <span class='ocrx_word' id='word_1_207' title='bbox 1198 3713 1324 3772; x_wconf 88' lang='lat' dir='ltr'><strong>mente:</strong></span> 
     </span>
     <span class='ocr_line' id='line_1_30' title="bbox 349 3823 1073 3908; baseline -0.003 -20"><span class='ocrx_word' id='word_1_208' title='bbox 349 3824 431 3888; x_wconf 93' lang='lat' dir='ltr'><strong>inter</strong></span> <span class='ocrx_word' id='word_1_209' title='bbox 454 3823 538 3888; x_wconf 89' lang='lat' dir='ltr'><strong>enirn</strong></span> <span class='ocrx_word' id='word_1_210' title='bbox 560 3823 674 3890; x_wconf 87' lang='lat' dir='ltr'><strong>iectast</strong></span> <span class='ocrx_word' id='word_1_211' title='bbox 690 3825 768 3889; x_wconf 85' lang='lat' dir='ltr'><strong>vital</strong></span> <span class='ocrx_word' id='word_1_212' title='bbox 790 3843 911 3908; x_wconf 88' lang='lat' dir='ltr'><strong>pausa,</strong></span> <span class='ocrx_word' id='word_1_213' title='bbox 928 3839 1073 3906; x_wconf 81' lang='lat' dir='ltr'><strong>vageque</strong></span> 
     </span>
     <span class='ocr_line' id='line_1_31' title="bbox 272 3935 1191 4022; baseline -0.011 -12"><span class='ocrx_word' id='word_1_214' title='bbox 272 3960 323 4010; x_wconf 81' lang='lat' dir='ltr'><strong>seo</strong></span> <span class='ocrx_word' id='word_1_215' title='bbox 349 3936 537 4003; x_wconf 83' lang='lat' dir='ltr'><strong>deerrarunt</strong></span> <span class='ocrx_word' id='word_1_216' title='bbox 558 3939 678 4022; x_wconf 89' lang='lat' dir='ltr'><strong>passim</strong></span> <span class='ocrx_word' id='word_1_217' title='bbox 700 3946 806 4005; x_wconf 88' lang='lat' dir='ltr'><strong>motus</strong></span> <span class='ocrx_word' id='word_1_218' title='bbox 828 3939 869 4003; x_wconf 91' lang='lat' dir='ltr'><strong>ab</strong></span> <span class='ocrx_word' id='word_1_219' title='bbox 892 3935 1038 4002; x_wconf 85' lang='lat' dir='ltr'><strong>sensibus</strong></span> <span class='ocrx_word' id='word_1_220' title='bbox 1060 3953 1191 4002; x_wconf 87' lang='lat' dir='ltr'><strong>omnes.</strong></span> 
     </span>
     <span class='ocr_line' id='line_1_32' title="bbox 347 4049 1314 4138; baseline -0.005 -20"><span class='ocrx_word' id='word_1_221' title='bbox 347 4053 445 4120; x_wconf 89' lang='lat' dir='ltr'><strong>debet</strong></span> <span class='ocrx_word' id='word_1_222' title='bbox 468 4055 550 4119; x_wconf 90' lang='lat' dir='ltr'><strong>enim</strong></span> <span class='ocrx_word' id='word_1_223' title='bbox 565 4105 572 4132; x_wconf 81' lang='grc'>,</span> <span class='ocrx_word' id='word_1_224' title='bbox 589 4053 706 4120; x_wconf 89' lang='lat' dir='ltr'><strong>misere</strong></span> <span class='ocrx_word' id='word_1_225' title='bbox 727 4053 755 4119; x_wconf 91' lang='lat' dir='ltr'><strong>si</strong></span> <span class='ocrx_word' id='word_1_226' title='bbox 777 4051 858 4120; x_wconf 88' lang='lat' dir='ltr'><strong>forte</strong></span> <span class='ocrx_word' id='word_1_227' title='bbox 881 4070 1042 4138; x_wconf 83' lang='lat' dir='ltr'><strong>aegreque</strong></span> <span class='ocrx_word' id='word_1_228' title='bbox 1064 4049 1252 4128; x_wconf 82' lang='lat' dir='ltr'><strong>futurumst,</strong></span> <span class='ocrx_word' id='word_1_229' title='bbox 1309 4091 1314 4100; x_wconf 86' lang='lat'><strong>·</strong></span> 
     </span>
    </p>
   </div>
   <div class='ocr_carea' id='block_1_3' title="bbox 352 4281 1437 4478">
    <p class='ocr_par' dir='ltr' id='par_1_3' title="bbox 352 4281 1437 4478">
     <span class='ocr_line' id='line_1_33' title="bbox 352 4281 1437 4392; baseline -0.002 -18"><span class='ocrx_word' id='word_1_230' title='bbox 352 4325 402 4374; x_wconf 84' lang='grc'><strong>885</strong></span> <span class='ocrx_word' id='word_1_231' title='bbox 422 4323 506 4374; x_wconf 81' lang='lat' dir='ltr'><strong>amis.</strong></span> <span class='ocrx_word' id='word_1_232' title='bbox 527 4319 540 4392; x_wconf 99' lang='grc' dir='ltr'>Η</span> <span class='ocrx_word' id='word_1_233' title='bbox 561 4321 765 4372; x_wconf 62' lang='lat' dir='ltr'><strong>suavisonus</strong></span> <span class='ocrx_word' id='word_1_234' title='bbox 785 4317 798 4388; x_wconf 94' lang='grc' dir='ltr'>Η</span> <span class='ocrx_word' id='word_1_235' title='bbox 818 4323 866 4372; x_wconf 90' lang='grc'><strong>851</strong></span> <span class='ocrx_word' id='word_1_236' title='bbox 887 4281 1002 4384; x_wconf 80' lang='lat' dir='ltr'><strong>repentis</strong></span> <span class='ocrx_word' id='word_1_237' title='bbox 1018 4321 1127 4370; x_wconf 83' lang='lat' dir='ltr'><strong>nostris.</strong></span> <span class='ocrx_word' id='word_1_238' title='bbox 1148 4317 1162 4388; x_wconf 94' lang='grc' dir='ltr'>Η</span> <span class='ocrx_word' id='word_1_239' title='bbox 1182 4322 1233 4372; x_wconf 82' lang='grc'><strong>858</strong></span> <span class='ocrx_word' id='word_1_240' title='bbox 1253 4319 1334 4370; x_wconf 79' lang='lat' dir='ltr'><strong>lomus</strong></span> <span class='ocrx_word' id='word_1_241' title='bbox 1352 4311 1437 4384; x_wconf 58' lang='grc' dir='ltr'><strong>1111811ε</strong></span> 
     </span>
     <span class='ocr_line' id='line_1_34' title="bbox 352 4405 1152 4478; baseline -0.004 -15"><span class='ocrx_word' id='word_1_242' title='bbox 352 4409 493 4463; x_wconf 78' lang='lat' dir='ltr'><strong>emissum.</strong></span> <span class='ocrx_word' id='word_1_243' title='bbox 520 4406 534 4478; x_wconf 93' lang='grc' dir='ltr'>Η</span> <span class='ocrx_word' id='word_1_244' title='bbox 555 4409 645 4476; x_wconf 84' lang='lat' dir='ltr'><strong>adfigit</strong></span> <span class='ocrx_word' id='word_1_245' title='bbox 666 4405 679 4478; x_wconf 94' lang='grc' dir='ltr'>Η</span> <span class='ocrx_word' id='word_1_246' title='bbox 699 4411 749 4460; x_wconf 87' lang='grc'><strong>856</strong></span> <span class='ocrx_word' id='word_1_247' title='bbox 768 4408 915 4459; x_wconf 86' lang='lat' dir='ltr'><strong>Multimodi</strong></span> <span class='ocrx_word' id='word_1_248' title='bbox 936 4405 950 4476; x_wconf 91' lang='grc' dir='ltr'>Η</span> <span class='ocrx_word' id='word_1_249' title='bbox 970 4409 1019 4458; x_wconf 87' lang='grc'><strong>861</strong></span> <span class='ocrx_word' id='word_1_250' title='bbox 1039 4407 1152 4460; x_wconf 80' lang='lat' dir='ltr'><strong>miserest</strong></span> 
     </span>
    </p>
   </div>
   <div class='ocr_carea' id='block_1_4' title="bbox 0 0 1514 5146">
    <p class='ocr_par' dir='ltr' id='par_1_4' title="bbox 0 0 1514 5146">
     <span class='ocr_line' id='line_1_35' title="bbox 0 0 1514 5146; baseline 0 0"><span class='ocrx_word' id='word_1_251' title='bbox 0 0 1514 5146; x_wconf 95' lang='lat' dir='ltr'><strong> </strong></span> 
     </span>
    </p>
   </div>
  </div>
 </body>
</html>
