2996 5148
321 367 341 430 6
797 385 951 428 uenusto

320 535 409 602 renis
428 535 469 600 de
488 536 601 619 lingua
616 537 734 602 Latina
752 535 853 602 libros
873 535 953 618 (boc
968 537 1054 604 enim
1069 539 1149 603 satis
1167 537 1306 619 constat)
1326 537 1408 620 legis

321 646 390 722 set,
407 639 478 705 falli
493 639 590 704 facile
606 639 709 723 potuit
723 639 762 704 iis
777 657 861 722 quae
882 639 916 704 in
938 640 1021 706 libro
1044 641 1155 724 quinto
1179 641 1347 706 invenisset
1358 639 1409 705 boc

321 741 417 807 modu
429 741 564 826 scripta,
576 743 608 806 A
620 766 684 827 qua
692 743 844 829 bipartito
856 741 1011 809 dior'sr'oae
1019 745 1189 808 Lucretius
1197 767 1321 809 mcor-um
1330 745 1410 808 unios

321 857 349 910 ct
359 846 477 931 vipirrti
486 844 639 909 librorum
651 845 865 931 abitiumfecr't
877 846 946 928 boc,
958 846 1105 911 Aetheris
1114 859 1254 912 0110πο0
1259 845 1411 933 pendebit

321 971 472 1034 quaerar
494 961 633 1032 tempus.
657 951 742 1014 certe
771 947 803 1011 in
826 945 908 1012 libro
931 947 1148 1014 Laurentiano
1171 949 1271 1034 plutei
1285 969 1364 1012 xxxv
1377 949 1412 1014 30

321 1057 422 1117 toturn
437 1049 576 1114 Lucretii
599 1067 728 1114 carmen
750 1049 953 1114 continetur:
977 1049 1004 1116 is
1027 1056 1136 1116 autem
1159 1051 1243 1117 liber
1263 1073 1355 1118 mann
1373 1053 1412 1135 ip
1480 1059 1481 1086 ³

321 1154 388 1219 sius
401 1151 528 1217 Nicolai
541 1151 647 1218 Nicoli
660 1152 741 1218 civis
753 1151 928 1217 Florentini
941 1199 949 1234 ,
967 1153 1022 1235 qui
1033 1154 1215 1220 Lucretium
1226 1155 1338 1239 Poggii
1348 1153 1413 1218 duo·

321 1255 425 1321 decim
453 1255 548 1320 annis
575 1253 662 1340 apud
691 1274 727 1321 se
755 1261 920 1336 tenuerat,
949 1256 1084 1340 scriptus
1112 1277 1184 1323 esse
1210 1257 1412 1323 existimatur.
1480 1275 1481 1320 1

321 1357 408 1442 quod
428 1357 457 1422 si
473 1376 583 1423 verum
606 1363 673 1438 est,
696 1357 791 1423 huius
807 1357 954 1442 Nicolai,
979 1360 1033 1442 qui
1056 1359 1195 1426 decessit
1216 1379 1302 1425 anno
1324 1359 1412 1440 1431,
1480 1401 1481 1440 ,

319 1481 384 1525 non
407 1479 546 1542 maguae
562 1460 596 1524 in
612 1461 760 1527 Lucretio
781 1459 985 1526 emendando
1009 1459 1139 1528 suerunt
1159 1468 1270 1547 partes
1283 1487 1291 1526 :
1305 1468 1413 1528 tantm

324 1562 409 1628 enim
425 1563 513 1644 scio,
534 1562 607 1627 libri
622 1563 716 1647 primi
732 1583 859 1629 versum
879 1564 959 1629 1068
976 1568 1008 1628 01
1021 1566 1187 1648 proximos
1202 1564 1235 1630 in
1250 1566 1414 1633 110001010-

319 1665 402 1751 plari
417 1663 603 1730 dimidiatos
619 1665 684 1747 legi
698 1715 706 1748 ,
722 1685 782 1732 nec
796 1665 1009 1732 dubitandum
1025 1671 1074 1733 est
1096 1669 1175 1752 quin
1196 1669 1297 1735 multo
1320 1675 1350 1734 et
1369 1687 1414 1732 su·

321 1768 432 1834 dacior
462 1773 494 1833 et
525 1767 725 1849 ingeniosior
756 1767 816 1833 boc
842 1769 946 1853 primo
970 1776 1086 1835 conatu
1109 1770 1285 1838 diortbosis
1307 1771 1362 1837 illa
1380 1771 1414 1834 sit

320 1891 416 1957 quam
449 1872 539 1936 soleo
573 1875 629 1936 aut
662 1869 849 1954 simpliciter
883 1871 984 1938 doctis
1012 1873 1140 1938 Irnurs
1168 1880 1225 1940 aut
1252 1875 1413 1939 Auronro

320 1977 439 2040 Msnrr
460 1972 548 2057 filio,
581 1973 644 2038 civi
667 1979 698 2038 et
720 1973 846 2038 noterio
869 1974 1073 2060 Florentino,
1105 1975 1312 2060 adscribere,
1338 1976 1413 2041 euim

319 2095 439 2160 manu,
464 2095 560 2160 quam
576 2095 612 2142 se
628 2074 730 2160 probe
746 2095 905 2158 cognosse
920 2076 1155 2158 adseverabat,
1179 2079 1337 2146 Esuriens
1351 2079 1414 2144 Kei-

319 2179 402 2262 lius,
425 2179 475 2244 vir
489 2177 714 2261 doctissimus,
737 2177 879 2244 codicem
895 2180 1146 2247 Laurentianum
1161 2181 1308 2248 eiusdem
1329 2180 1412 2268 plnle‘

318 2281 455 2366 primum
478 2287 510 2346 ct
531 2281 726 2348 tricesimum
748 2280 833 2346 circa
854 2283 1246 2369 000001440001101010
1268 2305 1341 2352 esse
1359 2291 1413 2350 tum

319 2383 419 2466 dixit,
443 2401 514 2450 cum
536 2383 612 2448 mibi
636 2384 705 2449 eius
727 2383 801 2450 libri
816 2385 927 2450 utendi
949 2385 1156 2468 (excusserat
1178 2388 1264 2454 enim
1287 2407 1357 2454 eum
1377 2393 1412 2452 to
1480 2407 1481 2448 r

316 2487 402 2566 tum)
425 2486 551 2572 copiam
571 2486 666 2552 lecit.
689 2485 763 2552 buic
778 2486 947 2552 simillimis
963 2489 1199 2574 exemplaribus
1213 2489 1411 2558 Micbabelom

317 2589 507 2673 Marullum,
524 2589 565 2655 de
588 2608 652 2675 quo
677 2589 761 2656 infra
776 2589 902 2674 dicam,
919 2609 1009 2655 usum
1034 2611 1105 2658 csse
1127 2592 1334 2659 manifestum
1357 2597 1412 2658 est:
1480 2671 1481 2684 ἵ

317 2691 375 2757 sed
391 2691 495 2758 eidem
508 2741 516 2776 ,
537 2711 607 2756 cum
623 2691 722 2757 libres
739 2692 913 2776 impressos
928 2711 1001 2758 raro
1017 2694 1192 2779 inspiceret
1207 2693 1326 2780 (neque
1341 2693 1413 2760 enim

316 2793 413 2860 facile
436 2793 567 2860 Gifauio
590 2794 721 2860 credere
744 2813 876 2879 possum
896 2795 1024 2861 Marulli
1046 2797 1149 2880 ipsius
1171 2817 1270 2864 manu
1294 2803 1413 2863 annota-
1480 2795 1481 2890 l

316 2903 382 2962 tum
412 2896 513 2963 fuisse
542 2896 623 2976 illud
651 2898 817 2983 exemplar
839 2897 1037 2982 impressum·
1052 2899 1138 2983 quod
1161 2920 1197 2966 se
1218 2901 1260 2966 ab
1283 2899 1413 2966 iohanne

317 2999 477 3066 Sambueo
500 2999 654 3065 utendum
681 3001 846 3084 accepisse
876 3000 1026 3086 scribit),
1054 3003 1122 3068 alia
1143 3011 1274 3088 praesto
1298 3003 1414 3092 luemnt

315 3103 419 3168 miuus
442 3101 632 3186 emendata,
656 3101 717 3168 boc
739 3109 787 3168 est
808 3104 962 3188 antiquae
979 3103 1146 3192 archetypi
1168 3106 1315 3173 lectionis
1336 3111 1413 3171 teuc

316 3206 424 3270 ciera.
441 3209 537 3288 atque
553 3223 593 3270 ex
609 3204 669 3270 hoc
684 3205 755 3290 ipso
771 3205 900 3272 rudiore
916 3225 955 3272 ac
974 3207 1107 3273 maioris
1123 3207 1198 3275 fidei
1221 3228 1338 3293 genere
1360 3207 1414 3272 fnit

316 3306 349 3372 id
372 3306 458 3392 quod
479 3307 554 3372 libri
576 3327 666 3371 euru
686 3328 863 3371 10000001
882 3309 1021 3376 maxime
1037 3311 1151 3377 imitati
1171 3317 1265 3377 sunt.
1283 3311 1315 3376 bi
1337 3310 1412 3376 euim

315 3429 386 3473 eum
402 3414 434 3474 et
448 3409 481 3473 in
496 3407 570 3475 aliis
585 3410 681 3476 rebus
696 3412 859 3495 plerisque
875 3418 907 3476 st
921 3412 956 3477 in
978 3411 1102 3478 duobus
1125 3413 1199 3479 libri
1220 3415 1315 3500 primi
1336 3413 1409 3498 (lbi

319 3508 398 3592 158)
425 3509 589 3594 tribusque
616 3512 750 3578 secundi
773 3513 920 3580 versibus
941 3515 1168 3602 (492-494),
1196 3537 1277 3602 quos
1300 3517 1411 3583 habent

314 3611 475 3677 Antonius
491 3613 583 3678 Marii
600 3621 632 3680 et
647 3615 823 3701 Marullus,
847 3617 1030 3684 omittendis
1046 3619 1130 3684 inter
1144 3638 1180 3686 se
1195 3621 1410 3700 consentiant,

315 3716 538 3780 Bnrxrnnsrs
561 3723 669 3783 autem
692 3719 817 3804 editor,
840 3720 896 3804 qui
912 3721 1094 3786 Lucretium
1117 3721 1252 3788 ‘Thema
1273 3719 1411 3789 Ferando

313 3819 453 3883 anctore¹
478 3817 600 3904 edidit,
623 3820 751 3886 unicum
774 3824 938 3908 exemplar
953 3823 986 3889 in
1002 3843 1115 3890 manus
1138 3845 1215 3892 suas
1237 3824 1412 3911 pervenisse

313 3923 465 4002 testetur,
482 3927 579 4004 atque
595 3923 663 3988 eius
681 3922 832 3990 editionis
844 3927 1008 4012 exemplar
1022 3929 1110 4011 (eam
1122 3933 1196 4011 post
1207 3947 1325 3995 annum
1338 3924 1411 3990 1413

313 4021 431 4086 laetam
455 4031 577 4106 negant
598 4025 651 4108 qui
675 4025 744 4090 eius
768 4025 864 4093 bodie
892 4030 925 4094 in
949 4034 1015 4094 tcto
1039 4029 1117 4095 orbe
1140 4029 1204 4096 tria
1225 4025 1411 4114 exemplaris

313 4143 483 4207 superesse
505 4125 784 4212 demonstrarunt,
808 4135 842 4194 01
864 4129 1023 4198 Dibdinus
1045 4133 1078 4196 in
1100 4133 1302 4200 Bibliotheca
1321 4131 1410 4216 spon·

312 4227 462 4312 ceriana,
478 4235 563 4294 tomo
576 4253 600 4293 11
615 4253 645 4315 p.
660 4230 739 4315 149)
760 4231 818 4297 sed
843 4251 914 4298 eum
935 4233 1104 4300 Brixienss
1119 4235 1242 4301 nullum
1259 4232 1410 4318 exemplar

311 4330 601 4396 Vnnonnnsrnns
624 4353 663 4400 ac
679 4333 845 4398 Vnusrrs
864 4337 1078 4421 typographis
1100 4343 1209 4403 nutum
1228 4339 1328 4405 luisse
1348 4353 1409 4401 cou-

312 4439 374 4499 stet
398 4433 441 4517 (ii
470 4441 543 4499 sunt
570 4435 688 4501 Paulus
716 4435 953 4520 Frideuberger
981 4447 1013 4504 et
1034 4439 1224 4506 'lbeodorus
1253 4441 1408 4520 (1011000-

311 4535 465 4619 zonibus,
490 4537 565 4600 anui
589 4542 694 4602 autem
717 4539 894 4606 editionum
920 4541 1000 4606 1486
1024 4550 1056 4607 et
1081 4541 1201 4627 1495),
1226 4541 1405 4611 crediderim
