3020 5146
350 465 408 526 lud
895 453 922 518 V

272 651 323 698 uro
347 628 497 694 materies
519 625 637 691 umoris
660 629 691 690 et
714 623 755 688 ad
778 631 873 708 caput
895 624 1043 689 arrrnibus
1065 623 1168 688 omnis

349 741 515 824 convenit,
530 741 606 804 inde
629 759 724 822 super
746 745 847 802 terras
868 736 937 802 fluit
958 737 1085 820 agmine
1107 735 1192 802 dulei

349 875 414 938 qua
435 855 487 918 via
509 861 598 920 secta
620 854 719 918 semel
741 851 861 934 liquido
884 852 969 935 pede
991 851 1104 916 detulit
1124 849 1249 915 undas.

389 971 472 1034 Abra
494 989 578 1032 nnnc
599 967 694 1050 igitur
717 966 843 1050 dicam,
861 966 914 1048 qui
937 985 1072 1049 corpore
1093 969 1160 1028 toto

349 1082 625 1148 innumerabiliter
647 1081 754 1164 privas
780 1085 917 1144 mutatur
940 1080 973 1144 in
995 1081 1112 1144 boras.

274 1219 325 1265 ure
351 1216 477 1280 semper
498 1195 603 1271 euim,
621 1192 707 1275 quod
730 1213 863 1274 cumque
885 1193 953 1257 fluit
974 1195 1014 1258 dc
1037 1193 1152 1268 rebus,
1167 1191 1199 1255 id
1224 1213 1324 1258 omne

351 1310 436 1376 adria
458 1311 492 1373 in
515 1328 666 1390 orngnnm
689 1307 788 1372 fertur
811 1326 899 1372 mare
913 1331 921 1385 ;
936 1308 991 1388 qui
1013 1309 1074 1372 nisi
1096 1313 1206 1371 contra

350 1444 484 1507 corpora
507 1422 661 1486 retribuat
683 1422 779 1486 rebus
803 1427 985 1504 recreetque
1007 1419 1154 1496 fluentis,

350 1537 458 1602 omnia
479 1537 542 1600 ium
566 1535 708 1600 resoluta
729 1535 834 1601 forent
856 1543 888 1600 et
910 1535 944 1600 in
966 1543 1043 1600 abra
1065 1553 1176 1600 versa:

350 1651 429 1714 baut
450 1650 544 1732 igitur
567 1655 673 1713 cessat
696 1649 784 1732 gigni
807 1650 848 1714 de
872 1648 968 1714 rebus
990 1655 1022 1714 et
1041 1651 1076 1712 in
1098 1667 1149 1714 res

277 1785 327 1830 auo
351 1763 534 1846 reccidere,
551 1762 687 1828 adsidue
710 1764 860 1844 quonium
885 1763 985 1828 liuere
1007 1765 1115 1829 omnia
1137 1767 1287 1828 conam.

391 1879 514 1960 Largus
536 1877 610 1940 item
634 1876 747 1958 liquidi
771 1877 843 1943 lons
866 1877 1014 1959 luminis,
1032 1875 1193 1943 aetherius
1215 1877 1292 1961 sol,

353 1991 471 2073 inrigat
494 1989 630 2054 adsidue
653 1992 780 2056 caelum
803 1991 944 2057 candore
967 1993 1087 2058 recenti

355 2105 602 2190 suppeditatque
624 2125 707 2170 novo
731 2107 898 2172 confestim
920 2107 1040 2170 lumine
1062 2105 1188 2170 lumen.

352 2241 426 2284 nam
450 2219 584 2304 primurn
609 2217 759 2301 quichrd
782 2219 918 2304 fulgoris
941 2219 1074 2304 disperit
1097 2219 1147 2294 ei,

281 2355 331 2402 aar
358 2353 422 2415 quo
446 2353 580 2416 cumque
603 2333 739 2400 accidit.
755 2335 788 2398 id
810 2335 884 2400 licet
905 2331 979 2398 binc
1000 2351 1196 2416 cognoscere
1219 2337 1361 2416 possis,

351 2448 436 2530 quod
460 2447 554 2513 simul
578 2469 617 2514 uc
640 2449 777 2533 primum
801 2450 903 2514 nubes
926 2445 1098 2513 succedere
1121 2447 1180 2512 soli

353 2582 488 2646 coepere
511 2570 544 2628 et
566 2563 674 2628 radios
696 2564 779 2628 inter
802 2563 894 2645 quasi
918 2579 1064 2645 rumpere
1086 2561 1186 2644 lucis,

353 2679 512 2761 extemplo
535 2679 665 2743 inferior
687 2699 763 2763 pars
787 2680 898 2742 borum
921 2677 1055 2761 disperit
1077 2677 1200 2760 cornia,

350 2797 499 2874 terraque
520 2793 717 2858 inumbratur
740 2813 804 2874 qua
827 2791 925 2856 nimbi
949 2809 1084 2873 cumque
1106 2789 1273 2875 feruntur3

278 2927 328 2976 uuo
355 2915 388 2972 nt
410 2913 525 2973 noscas
547 2907 719 2992 splendore
742 2927 825 2972 novo
850 2925 900 2972 res
923 2925 1049 2990 semper
1071 2923 1186 2989 egere,

351 3027 383 3088 et
404 3024 538 3108 primum
562 3023 677 3091 iactum
701 3021 837 3105 fulgoris
860 3039 1018 3104 quemque
1040 3017 1164 3104 perire,

354 3156 412 3202 nec
434 3137 558 3201 ratione
582 3135 647 3200 alia
670 3156 721 3200 res
745 3135 894 3221 possein
917 3135 985 3202 sole
1007 3135 1131 3217 videri,

351 3256 505 3336 perpetuo
528 3251 562 3314 ni
584 3250 767 3334 suppeditet
789 3251 869 3316 lucis
891 3257 988 3334 copul
1010 3251 1135 3333 ipsum.

353 3365 429 3446 quin
451 3365 547 3430 etiam
570 3372 725 3429 nocturna
748 3365 824 3442 tibi,
840 3366 1004 3430 terrestria
1026 3383 1107 3446 quac
1129 3369 1223 3447 sunt,

279 3501 329 3547 noo
354 3479 494 3554 lumina,
510 3477 688 3563 pendentes
710 3479 818 3563 lychni
841 3479 1015 3561 claraeque
1037 3479 1175 3546 conrscis

354 3591 532 3676 fulguribus
556 3593 692 3676 pingues
715 3594 817 3658 multa
839 3593 977 3677 caligine
999 3593 1114 3658 taedae

354 3707 510 3771 consimili
533 3714 705 3791 properant
727 3707 869 3791 ratione,
888 3707 1005 3774 ardore
1028 3707 1191 3788 ministro,

353 3820 557 3904 suppeditare
580 3843 694 3885 norom
718 3821 844 3898 lumen,
860 3827 996 3888 tremere
1018 3821 1145 3906 ignibus
1168 3820 1312 3898 instant,

354 3934 497 4012 instant,
513 3953 572 3999 nec
594 3935 667 4000 loca
690 3936 744 4000 lux
766 3937 847 4001 iuter
869 3937 963 4017 quasi
986 3943 1080 4020 rupta
1102 3935 1275 4017 relinquit:

278 4066 328 4114 300
354 4065 455 4129 usque
478 4049 559 4114 adeo
583 4055 793 4136 properanter
815 4050 856 4114 ab
881 4051 1029 4116 cornibus
1048 4049 1178 4136 ignibus
1200 4048 1231 4112 ei

384 4225 554 4232 --—---.

356 4325 406 4371 272
425 4327 500 4374 semel
518 4335 585 4374 secta
603 4326 679 4374 semel
700 4321 714 4390 Η
734 4327 784 4372 ult
804 4341 878 4374 orus.
904 4323 917 4390 Η
945 4325 1129 4402 dtllregcnti.
1154 4321 1167 4388 ji
1193 4324 1382 4389 assumpseris
1409 4325 1422 4394 ΙΙ
1443 4327 1484 4374 :llll

356 4410 390 4462 Ut
410 4411 423 4476 pi
446 4413 495 4462 293
514 4411 646 4476 suppedito
668 4409 681 4478 Η
702 4415 752 4462 295
772 4413 858 4475 lyulini
880 4411 894 4482 Η
916 4415 964 4462 ud?
986 4411 1116 4476 proterunt
