3052 5144
308 423 350 486 24
867 419 882 482 l

312 594 454 651 naturam
480 607 573 668 quarn
597 593 681 650 tutus
705 587 800 650 habet
823 609 918 670 super
940 589 1024 668 ignis
1048 586 1221 650 haberent.

236 725 286 770 666
311 702 415 766 aerior
438 702 534 766 ardor
556 701 641 766 enim
664 701 830 766 runduetis
852 701 997 784 partibus
1019 709 1124 785 esset,

310 817 494 900 languidior
517 837 612 900 porro
635 817 774 880 disiectis
797 815 910 896 disque
936 815 1078 898 supatis:

313 932 451 1015 amplius
474 931 535 996 hue
557 932 626 996 iieri
650 929 695 993 nil
717 930 872 1010 estquod
895 949 990 1013 posse
1014 930 1116 994 rearis

311 1047 430 1112 talibus
453 1047 485 1110 in
509 1045 633 1119 causis,
657 1063 698 1108 ne
720 1041 794 1106 rium
815 1043 973 1108 variantia
995 1063 1100 1108 rerum

313 1167 402 1226 tanta
425 1167 520 1242 queat
542 1159 653 1224 densis
677 1159 821 1239 rarisque
843 1177 882 1220 ex
903 1158 1030 1238 ignibus
1053 1179 1146 1224 esse.

239 1297 288 1343 666
315 1276 346 1339 id
370 1295 516 1357 quoque,
541 1275 567 1338 si
591 1272 712 1336 saciant
734 1271 907 1335 admixtum
933 1273 1027 1338 rebus
1050 1273 1166 1356 inane,

315 1390 442 1454 denseri
465 1395 615 1473 poterunt
636 1389 727 1470 ignes
748 1387 875 1468 rarique
896 1387 1054 1470 relinquis

313 1504 370 1570 sed
395 1505 469 1586 quia
492 1503 592 1566 muita
614 1501 675 1568 sibi
698 1509 828 1566 cernunt
852 1502 1011 1566 contraria
1034 1501 1149 1568 adesse

315 1626 346 1684 et
369 1618 505 1703 fugitant
526 1618 559 1680 in
582 1618 677 1681 rebus
700 1615 795 1680 inane
820 1615 999 1697 relinquere
1021 1637 1156 1700 purum,

316 1733 417 1798 ardua
441 1731 515 1796 dum
540 1735 701 1806 metuunt,
725 1730 872 1794 amittunt
894 1750 970 1794 vera
990 1731 1072 1808 viai,

240 1871 291 1914 666
315 1868 374 1913 nee
396 1867 520 1912 rursum
544 1853 675 1910 cernunt
696 1851 844 1928 exempto
867 1845 962 1908 rebus
985 1844 1073 1910 inani

316 1963 423 2026 omnia
445 1960 572 2024 denseri
594 1959 727 2040 fierique
750 1979 789 2024 ex
813 1958 960 2024 omnibus
983 1979 1079 2023 unum

317 2097 452 2160 eorpus,
475 2075 518 2138 uii
542 2075 582 2138 ab
605 2091 641 2140 se
664 2073 751 2154 quod
773 2073 875 2157 possit
897 2071 1019 2138 mittere
1042 2075 1178 2157 raptim:

318 2190 447 2257 aestifer
469 2189 555 2270 iguis
577 2189 621 2252 uti
644 2191 749 2252 iuureu
772 2189 849 2253 iacit
870 2195 965 2268 atque
987 2207 1161 2270 vaporem,

318 2313 350 2370 ut
372 2303 483 2376 rideas
507 2323 572 2366 nun
594 2321 612 2368 e
636 2302 762 2386 stipatis
785 2303 929 2384 partibus
952 2322 1044 2366 esse.

243 2443 292 2488 666
318 2419 403 2502 quud
427 2419 453 2483 si
476 2417 559 2482 sorte
582 2419 648 2482 alia
670 2415 804 2482 creduut
826 2417 948 2480 ratique
971 2425 1099 2500 potesse

318 2535 402 2618 ignis
424 2535 456 2598 in
480 2539 572 2598 caetu
594 2532 711 2614 stingui
734 2537 918 2613 mutareque
941 2551 1076 2614 eorpus,

318 2649 459 2730 seilicet,
484 2667 523 2714 ex
547 2647 636 2712 nulia
658 2645 768 2712 fauere
791 2647 823 2710 irl
847 2648 872 2712 si
896 2655 987 2730 parte
1011 2654 1202 2732 repausent,

320 2763 443 2830 qeeidet
466 2763 507 2827 ad
530 2761 648 2836 nilum,
672 2762 704 2826 ni
728 2763 861 2844 uriruru,
884 2762 1024 2827 funditus
1047 2763 1144 2826 ardor

319 2881 421 2946 omnis
444 2886 475 2943 et
498 2897 515 2942 e
539 2877 604 2942 nile
628 2876 705 2941 iient
727 2895 809 2958 quae
832 2896 964 2958 eumque
987 2883 1152 2942 creantur:

244 3019 294 3066 666
320 3016 391 3060 narn
416 2995 502 3078 quod
526 3011 660 3074 eurrrque
684 2991 749 3056 suis
770 2997 923 3056 rrrutaturrr
946 2991 1061 3056 finibus
1083 2992 1169 3068 exit,

319 3113 466 3178 contiuuo
491 3111 550 3175 hou
572 3128 658 3172 urars
682 3113 730 3170 est
751 3105 835 3171 iliius
859 3109 943 3188 (quud
964 3107 1023 3172 suit
1042 3114 1137 3174 ante.

318 3227 451 3312 proinde
475 3225 585 3306 aliquit
608 3241 760 3307 superare
782 3241 912 3288 neeesse
936 3229 985 3288 est
1006 3223 1166 3288 incolume
1188 3223 1281 3306 ollis,

320 3363 359 3406 ne
382 3341 438 3406 tibi
461 3361 512 3405 res
535 3339 668 3404 redeant
689 3337 730 3401 ad
754 3336 853 3400 niiuru
876 3335 1017 3404 funditus
1042 3359 1154 3404 ururres

319 3457 359 3522 de
382 3455 511 3537 niiaque
534 3459 645 3519 renata
667 3455 810 3534 vigeseat
834 3453 926 3536 eopia
948 3474 1073 3518 rerum.

244 3594 294 3640 ura
321 3591 403 3635 6666
426 3569 522 3652 igitur
545 3567 695 3650 qrruniarrr
718 3567 893 3632 certissima
916 3587 1051 3652 corpora
1074 3569 1232 3652 quaedam

319 3693 410 3768 sunt,
435 3703 516 3765 quae
539 3689 728 3746 conservant
752 3689 896 3746 naturam
919 3701 1046 3766 seurper
1068 3685 1224 3754 eandem.

321 3821 452 3882 quarum
476 3797 563 3862 abitu
587 3801 641 3859 aut
663 3795 750 3860 aditu
774 3803 957 3880 ruutatuque
980 3797 1092 3864 urdine
1115 3807 1236 3866 urutaut

320 3921 465 3978 naturam
489 3931 540 3977 ren
563 3917 594 3975 et
616 3917 802 3976 convertunt
824 3932 960 3996 eorpora
983 3933 1076 3998 sese,

321 4219 370 4266 649
384 4215 503 4265 heberet.
526 4211 539 4282 ΙΙ
559 4217 606 4262 661
622 4214 764 4276 Langiriior
778 4213 791 4282 ii
807 4217 855 4263 657
870 4231 956 4264 muse.
975 4214 988 4284 ii
1010 4219 1059 4266 659
1075 4233 1118 4267 rer
1131 4219 1206 4269 arria.
1227 4217 1239 4284 Η
1259 4217 1304 4266 660
1316 4213 1399 4260 inrue.
1415 4201 1429 4270 ii

322 4305 372 4352 662
386 4304 479 4366 raptis.
500 4301 513 4370 Η
535 4303 585 4349 aas
605 4301 657 4349 uria
678 4297 690 4368 Η
712 4304 761 4350 666
782 4313 867 4352 coetus
887 4299 900 4369 ΙΙ
921 4319 1070 4368 rausereque
1090 4303 1102 4372 ii
1124 4309 1175 4356 668
1196 4304 1302 4356 funditur
1315 4295 1399 4346 urbm·
1414 4289 1429 4355 fi

323 4393 373 4442 666
386 4406 400 4443 e
414 4391 553 4439 varirsum.
574 4385 588 4458 ,Ι
609 4392 659 4436 stu
679 4399 819 4438 mutuatum
840 4387 853 4458 Η
877 4395 923 4440 6ῖ1
947 4393 1055 4442 virescat
