3036 5150
316 357 376 424 116
852 359 884 426 11

312 548 440 616 semper
455 529 624 598 dicendum
641 537 710 615 est,
726 535 762 596 ut
775 531 809 606 in
824 531 1012 616 Hecyram,
1027 536 1054 616 1,
1068 532 1110 599 24
1120 533 1163 601 39
1173 533 1229 618 41,
1245 535 1277 600 iu
1292 533 1405 600 Andria

310 651 339 718 v,
352 633 382 718 2,
397 633 457 718 14,
473 652 539 699 non
554 631 667 700 divisis
682 632 848 700 vocalibus
861 683 869 718 ,
882 633 959 718 quia
973 635 1183 702 unissimum
1199 643 1247 704 est
1260 637 1406 704 vocabula

311 735 476 820 dactylica
490 734 633 801 trochaei
655 734 728 801 loeo
750 735 784 801 in
807 755 902 801 versu
917 735 994 820 poni
1010 755 1074 802 non
1091 737 1228 806 debere.
1244 757 1316 804 nam
1331 757 1406 820 quae

311 837 344 901 in
360 835 421 902 hoc
435 855 555 920 genere
571 837 736 904 Bentleius
758 837 830 919 (sed
852 836 924 921 quis
939 837 1045 921 noni)
1066 841 1213 924 peccarit
1227 839 1407 923 corrigenda

309 944 391 1022 sunt,
406 940 499 1004 dioiat
511 938 610 1004 Andr.
616 961 649 1024 11,
656 940 686 1024 3,
693 940 724 1023 8,
736 940 927 1026 Pa'mplrilua
938 939 1045 1024 v,6,1,
1057 931 1191 1028 Picis-'ero
1201 941 1283 1008 Eun.
1292 964 1320 1026 v,
1326 942 1354 1025 2,
1360 942 1406 1024 62,

310 1040 427 1106 duulua
438 1039 500 1106 Ad.
513 1061 558 1124 111,
571 1040 601 1126 2,
613 1041 672 1125 49,
690 1042 863 1129 Pdmplrila
875 1063 918 1125 rv,
930 1047 961 1125 4,
976 1042 1028 1126 11,
1044 1044 1187 1110 dmmdue
1199 1044 1275 1112 Hec-
1286 1066 1330 1128 ιιι,
1344 1045 1369 1128 1,
1380 1045 1407 1125 6,

309 1142 474 1208 Pidedrr'a
489 1143 617 1209 Phorm.
633 1165 679 1228 111,
694 1145 722 1229 1,
735 1143 778 1210 20
793 1191 801 1208 .
824 1142 1028 1211 scribendum
1049 1151 1098 1210 est
1119 1144 1152 1210 in
1176 1145 1276 1212 Andr.
1291 1168 1319 1230 v,
1330 1147 1359 1229 4,
1371 1145 1408 1211 25

308 1257 474 1329 mortuuet,
486 1246 526 1312 37
543 1247 704 1332 octuplus,
717 1244 778 1311 Ad.
794 1267 837 1330 ιν,
850 1247 879 1330 l,
891 1247 935 1313 40
946 1247 1039 1312 home
1051 1295 1059 1310 .
1071 1263 1178 1331 neque
1189 1247 1223 1313 in
1235 1248 1332 1315 Andr.
1343 1271 1372 1332 r,
1380 1249 1408 1332 4,

308 1345 351 1412 33
365 1348 545 1435 relinquere
557 1347 633 1414 terri
645 1353 753 1433 potest
764 1397 772 1432 ,
785 1347 841 1414 ubi
853 1347 1026 1433 legendum
1038 1355 1115 1432 puto
1126 1363 1201 1436 poet
1216 1352 1265 1418 rii
1275 1371 1332 1438 pro
1343 1375 1408 1438 pos-

308 1449 380 1516 tilla
390 1474 402 1532 ,·
416 1469 520 1534 neque
533 1449 654 1538 diripui
667 1451 699 1515 in
712 1448 839 1516 Phorm.
852 1473 898 1535 rrr,
911 1451 941 1536 2,
950 1451 992 1518 43
1005 1500 1012 1534 ,
1025 1450 1112 1534 quod
1124 1451 1209 1518 facio
1224 1452 1330 1540 decipi
1337 1479 1348 1537 ,·
1360 1473 1408 1517 ne

308 1571 370 1635 qne
386 1554 529 1619 imur'bue
545 1553 579 1619 iu
595 1553 657 1618 Ad.
673 1574 703 1638 v,
716 1555 746 1636 9,
763 1553 803 1619 14
817 1561 850 1620 et
863 1554 940 1620 Hee
953 1575 998 1638 m,
1011 1554 1041 1638 3,
1054 1554 1116 1638 20,
1137 1553 1195 1620 sed
1212 1554 1408 1622 scribendum

308 1655 460 1722 Omat‘dua
469 1670 597 1742 pratum
608 1656 705 1722 tabeo
715 1662 748 1722 ct
755 1655 908 1722 Omnibus
918 1658 1007 1722 nobie
1018 1669 1052 1721 ut
1062 1680 1114 1721 rea
1125 1655 1204 1722 daut
1214 1683 1249 1724 ae
1259 1659 1305 1723 ‚in
1318 1656 1409 1722 Andr.

306 1757 418 1841 rrr,5,i
433 1777 579 1825 caremus
592 1758 748 1824 Bembino
762 1757 886 1841 codiee,
900 1757 958 1825 sed
970 1758 1174 1825 scribendum
1185 1767 1265 1844 puto
1277 1761 1342 1840 Qui
1348 1783 1409 1824 eum

304 1861 468 1946 pollicitae
485 1859 618 1928 ducere?
636 1885 736 1948 aeque
758 1885 822 1947 qua
832 1860 961 1946 fiducia
976 1859 1013 1926 id
1030 1859 1166 1926 audeam
1185 1861 1255 1928 Nee
1274 1861 1353 1950 quid
1367 1885 1410 1926 me

306 1986 392 2028 nuuc
398 1962 528 2050 sacram
539 1965 604 2029 ecio
617 2009 625 2028 .
638 1963 672 2028 in
683 1961 745 2028 Ad.
758 1983 800 2040 ιν,
810 1963 840 2046 4,
851 1963 884 2046 8,
896 1963 951 2029 ubi
965 1970 1014 2029 cst
1024 1963 1168 2030 senerata
1178 1983 1239 2050 pro
1251 1962 1408 2046 trochaeo,

306 2085 420 2132 versus
438 2071 523 2132 recte
539 2065 740 2150 distinguere
754 2064 887 2131 difficile
900 2073 968 2132 est.
985 2085 1051 2130 non
1062 2073 1148 2133 reete
1160 2067 1260 2150 vulgo
1273 2067 1409 2132 coniunc-

305 2168 361 2234 tim
377 2167 473 2234 scribi
483 2168 650 2255 pdetmodo
665 2189 706 2236 ex
717 2168 846 2254 Hecyra
856 2189 890 2251 11,
905 2169 933 2252 1,
949 2168 986 2232 11
1004 2174 1158 2253 apparet,
1172 2169 1351 2254 eademque
1365 2187 1409 2233 ra·

305 2270 394 2336 tione
410 2269 486 2336 drtm
500 2270 590 2337 modo
609 2270 747 2338 nonnisi
764 2270 907 2336 diiuncta
921 2270 1034 2355 recipit
1048 2273 1254 2356 septenarius
1270 2271 1409 2352 Afranii,

307 2391 371 2458 quo
393 2372 493 2438 utitur
515 2373 626 2441 Cicero
650 2373 684 2439 in
706 2373 962 2440 Tusculanarum
985 2373 1241 2459 disputationum
1264 2373 1345 2440 libro
1366 2391 1408 2453 rr,

305 2473 363 2558 45,
379 2475 454 2542 Heu
464 2499 513 2542 me
527 2477 696 2542 miserum.
713 2474 789 2541 dum
810 2474 901 2541 modo
923 2473 1027 2542 doleat
1041 2476 1188 2563 aliquid,
1205 2475 1311 2542 doleat
1325 2471 1409 2562 quid·

308 2577 409 2643 tutet.
424 2577 474 2644 his
489 2577 588 2643 multo
600 2577 781 2644 mirabilius
796 2585 846 2644 est
861 2601 879 2644 o
894 2583 1041 2662 correpto
1057 2579 1122 2663 qud
1133 2577 1246 2662 modo,
1263 2597 1327 2643 non
1341 2577 1409 2663 qud·

305 2679 411 2762 modo,
425 2679 458 2745 in
470 2680 655 2745 Trinummo
668 2679 805 2747 602855
817 2729 824 2744 .
836 2680 870 2744 in
882 2679 996 2746 eadem
1008 2679 1255 2764 perlegendum
1268 2685 1344 2764 puto
1354 2677 1409 2742 Ille

306 2805 398 2869 quem
412 2782 521 2848 lubuit
531 2783 642 2869 periit,
660 2801 724 2848 non
735 2782 834 2848 illum
843 2781 1046 2870 -pdrdidit,
1058 2789 1090 2848 ct
1101 2781 1222 2848 ibidem
1239 2782 1320 2847 1121
1332 2780 1408 2846 Nam

305 2908 346 2949 ex
360 2885 410 2949 ta
425 2883 557 2950 aedibus
570 2909 619 2950 me
634 2883 870 2971 exaedificasset
881 2933 890 2968 ,
902 2907 1021 2972 opeque
1037 2883 1182 2970 teseret,
1198 2882 1256 2950 ubi
1272 2883 1345 2948 libri
1360 2899 1408 2948 vc

305 2985 428 3054 cabulis
443 2986 585 3053 traiectis
601 2986 720 3052 habent
736 2986 867 3052 reddre
882 3010 1001 3074 apsque
1017 3033 1024 3049 .
1041 3005 1106 3052 non
1121 2991 1207 3052 recte
1223 2985 1366 3068 Scaliger
1379 2982 1408 3045 in

305 3107 401 3156 versu
416 3089 530 3155 Lucilii
553 3087 658 3154 dicere
670 3087 842 3175 fortuua'm
861 3113 982 3176 parua,
999 3107 1069 3154 cum
1091 3093 1190 3172 potita
1212 3086 1406 3172 scripsisset,

304 3197 339 3258 ut
353 3197 451 3277 putu,
468 3191 535 3272 Quo
547 3190 691 3277 facetior
712 3191 841 3258 videare
863 3205 891 3257 et
911 3193 993 3257 coire
1005 3191 1081 3277 plue
1096 3214 1194 3278 quam
1208 3191 1322 3273 cetmi,
1337 3188 1407 3252 Per·

304 3295 399 3360 tieum
411 3295 584 3376 homiaem,
599 3315 661 3360 reon
669 3306 865 3380 pertaesum,
881 3293 986 3360 dicere
998 3305 1211 3360 aerumaumet
1222 3313 1324 3379 opus:
1339 3306 1407 3354 nam

304 3397 339 3461 in
346 3397 546 3462 Famesiano
554 3395 642 3462 Festi
652 3395 829 3480 exemplari
838 3403 888 3462 est
895 3395 1000 3462 dicere
1000 3395 1113 3483 ferum
1124 3419 1198 3460 uam
1204 3389 1406 3482 percupidi,

307 3499 344 3563 11
360 3547 368 3566 .
384 3498 470 3566 idem
485 3499 627 3564 Lucilius
647 3517 711 3564 non
727 3497 857 3584 scripsit
871 3497 1012 3585 scapum
1025 3498 1178 3583 inpertit,
1193 3494 1254 3562 sed
1267 3493 1405 3580 Sospita,

303 3601 425 3688 imperti
447 3600 548 3667 salute
573 3599 720 3686 plurimo
742 3613 771 3666 et
785 3601 997 3687 pleuiearina,
1020 3596 1108 3683 apud
1130 3597 1272 3664 Nonium
1294 3617 1324 3682 p.
1338 3592 1405 3672 412,

306 3701 367 3769 15:
390 3701 470 3768 haee
492 3702 577 3768 enim
593 3701 680 3768 Iovis
695 3700 899 3768 sonuuaeve
921 3701 1082 3768 invocatio
1105 3699 1170 3766 iliis
1191 3694 1405 3785 pulcherrimis

303 3803 452 3870 versibus
478 3803 621 3872 subiecta
649 3802 732 3887 init,
760 3823 841 3887 quos
871 3803 1002 3870 exhibet
1027 3801 1152 3869 Nonius
1181 3821 1212 3887 p.
1228 3801 1301 3884 308,
1313 3799 1354 3864 24
1378 3801 1406 3860 et

302 3925 334 3991 p.
350 3905 402 3991 37,
417 3905 459 3971 22
471 3906 534 3992 28,
551 3907 630 3973 Rern
644 3905 733 3992 (libri
748 3903 840 3990 Item)
856 3905 977 3993 populi
995 3903 1096 3970 salute
1118 3916 1146 3970 et
1157 3903 1249 3990 fictis
1270 3900 1404 3970 veusedus

302 4009 473 4075 Lueilrire.
496 4009 607 4090 Quadu'
626 4021 746 4096 potest,
776 4009 935 4095 impertit,
960 4019 1116 4092 totumque
1143 4005 1199 4071 too
1225 4004 1360 4072 studiose
1379 4011 1404 4064 et
1505 3989 1506 4024 r

302 4110 431 4176 sedulo.
456 4111 550 4177 Ennii
578 4111 726 4177 senarius
754 4111 810 4195 qui
836 4116 885 4175 est
911 4108 997 4195 apud
1021 4107 1207 4176 Ciceronem
1235 4105 1277 4172 de
1298 4101 1402 4171 officiis

302 4211 387 4278 libro
402 4234 423 4298 r,
440 4214 489 4298 16,
501 4213 542 4281 51
558 4263 566 4298 ,
583 4213 630 4279 ita
651 4218 736 4279 rcctc
752 4210 922 4297 scribitur,
938 4212 1043 4291 Quasi
1054 4211 1159 4277 tuum
1174 4210 1213 4276 de
1227 4205 1403 4276 ructamine

301 4315 452 4382 aeoeudm
463 4317 576 4403 joed:
597 4315 749 4382 vitiosum
772 4319 840 4394 est,
863 4333 929 4380 non
952 4313 1157 4398 elegantius,
1180 4307 1332 4392 Quaer'de
1351 4325 1401 4370 suo
1504 4367 1505 4378 ,

302 4417 420 4486 ldmrite
443 4419 571 4486 lumem.
1504 4399 1505 4418 ¹

387 4519 459 4588 721.
482 4543 542 4586 rra
566 4541 717 4593 cuneus
740 4541 948 4584 sscrssssr
966 4569 973 4584 .
990 4519 1144 4586 Marullus
1167 4534 1369 4592 cursous„
1503 4587 1504 4620 ,
