3110 5146
330 362 394 430 384
862 361 907 430 Vl

330 555 405 597 ross
427 553 662 598 ramesense.
680 532 846 617 Oblongus
868 533 1032 614 Rhamma,
1054 529 1139 616 apud
1162 530 1299 596 Nonium
1320 551 1351 617 p.
1362 529 1430 612 496,

333 637 370 700 ll
387 635 570 702 Flammea.
586 635 638 700 hio
653 637 812 702 Antonius
828 635 921 700 llarii
944 641 977 700 et
1000 633 1155 699 Marullus
1177 633 1314 718 permira
1334 631 1432 698 media

331 735 370 801 de
396 737 538 824 plaudo.
561 737 661 823 Pius,
685 739 738 804 vel
765 739 872 823 potius
897 743 953 803 aut
980 736 1171 802 Hermolaus
1194 735 1355 801 Barbarus
1382 740 1433 800 ant

332 837 528 923 Pomponius
545 839 663 905 Laetus
685 847 741 906 aut
755 839 924 924 Philippus
941 835 1121 904 Beroaldus
1142 837 1236 922 (Pius
1258 838 1342 903 enim
1359 837 1433 902 aaa·

332 965 427 1027 quom
439 939 832 1025 monastherium),
849 959 921 1008 enm
937 961 1059 1004 anana
1070 939 1276 1006 scribendum
1290 938 1432 1017 vidisset,

330 1049 438 1108 tamen
461 1043 653 1110 sententiam
669 1051 702 1109 et
716 1043 872 1110 orationis
896 1043 1033 1109 sormam
1047 1063 1113 1108 non
1135 1043 1302 1128 pereepit.
1318 1042 1368 1108 hio
1381 1041 1434 1124 igi-

331 1151 382 1210 tur
404 1143 490 1230 quod
515 1144 656 1230 lauerat,
672 1145 778 1212 medis
793 1145 831 1211 de
845 1144 956 1228 clade,
973 1165 1043 1212 oum
1059 1144 1093 1210 id
1109 1145 1296 1228 Naugerius
1315 1163 1435 1230 expres·

331 1247 447 1332 sisset,
464 1246 639 1312 Lambinus
661 1247 751 1314 libris
774 1248 842 1313 suis
868 1265 932 1312 non
955 1247 1108 1333 inspeetis
1137 1247 1259 1314 irusha
1281 1247 1435 1333 explioare

331 1355 465 1416 uenatus
488 1355 557 1434 est,
574 1347 725 1416 (lilanins
747 1355 780 1415 et
803 1349 920 1416 Daniel
945 1350 1066 1416 Parens
1089 1356 1256 1434 umquam
1279 1349 1436 1436 apertissi-

330 1471 416 1518 mum
438 1451 654 1518 transierunt.
671 1451 777 1518 Fahro
801 1458 834 1518 et
847 1452 993 1518 Bentleio
1016 1459 1133 1539 parata
1150 1453 1250 1518 venia
1272 1457 1342 1536 ost,
1357 1447 1435 1535 qnod

332 1555 414 1620 alter
434 1573 608 1638 numquam
635 1554 717 1619 alter
738 1553 881 1620 nondum
908 1555 1039 1639 eognita
1059 1561 1169 1622 vetare
1195 1554 1357 1640 seriptum
1376 1573 1435 1618 non

204 1719 208 1726 .
331 1657 411 1722 satis
438 1676 514 1724 vere
536 1662 730 1742 temptarunt
756 1656 814 1722 din
835 1655 874 1722 da
903 1655 993 1724 elada
1025 1663 1058 1723 et
1083 1655 1246 1723 memus·
1267 1656 1307 1724 de
1332 1653 1436 1722 elude:

332 1758 508 1824 Salmasius
523 1763 630 1825 autem
642 1759 764 1844 pariter
779 1777 818 1823 ae
829 1763 922 1824 vetus
937 1758 995 1824 ille
1006 1759 1110 1825 Italus
1124 1759 1294 1844 peoeavit,
1311 1777 1380 1824 oum
1395 1757 1436 1822 in·

332 1861 496 1947 aptissime
512 1859 589 1926 feeit
601 1859 707 1926 ηιιάία
722 1885 739 1927 a
752 1884 788 1926 re
803 1859 893 1926 clads
908 1847 1033 1929 coorto.
1050 1861 1184 1928 Isaaotm
1199 1861 1339 1928 Vossius
1354 1879 1436 1944 egre·

332 1965 387 2047 gie
409 1969 442 2028 et
461 1964 496 2028 in
517 1963 647 2052 homine
668 1961 780 2028 indieii
802 1961 884 2028 alias
904 1963 1141 2048 perversissimi
1164 1961 1264 2030 valde
1278 1961 1437 2029 laudanda

331 2064 537 2151 simplicitate
559 2087 658 2151 aequa
680 2066 762 2131 enain
776 2085 959 2130 snnrocar
974 2065 1084 2132 ehtde.
1100 2065 1135 2131 id
1156 2065 1339 2150 probarunt
1351 2066 1437 2131 Nou

330 2167 403 2233 laus
419 2167 570 2234 Heinsius
586 2165 629 2232 ad
644 2165 754 2234 Ovidii
769 2168 979 2254 metamorph.
992 2167 1131 2253 1v‚536‚
1147 2167 1334 2234 Riohardns
1350 2167 1436 2232 Bant-

332 2271 437 2354 leins,
453 2276 624 2354 postquam
644 2272 797 2354 eognovit
819 2269 909 2354 (vide
924 2271 1074 2338 editionis
1090 2269 1311 2364 Glasguensis
1326 2275 1437 2336 tomum

332 2393 365 2436 rr
387 2393 417 2457 p.
430 2371 528 2456 454),
545 2370 708 2438 Gilhertus
724 2369 945 2438 Wakefieldns
968 2370 1020 2438 hio
1033 2372 1163 2457 quidem
1184 2374 1318 2440 veritati
1335 2391 1437 2439 oonee
1532 2409 1533 2470 3

332 2473 433 2541 dens:
456 2479 567 2540 eontra
593 2473 772 2540 reieeerunt
798 2473 993 2557 (trosellus,
1015 2475 1280 2562 Haveroampos,
1302 2475 1438 2542 utohsu-
1532 2481 1533 2533 i

333 2577 428 2661 dius,
448 2574 622 2662 splendida
648 2577 772 2644 seilieet
800 2578 931 2661 ingenui
959 2576 1069 2643 indieii
1096 2577 1269 2662 exempla:
1288 2577 1438 2659 Forbiger

332 2679 412 2744 illud
434 2679 537 2763 ‘quern
560 2697 691 2745 sensum
713 2679 863 2746 idoneum
886 2679 1064 2764 praeheret¹
1089 2699 1162 2748 sese
1183 2681 1370 2765 perspioere
1390 2698 1438 2744 ne

303 2780 310 2798 ‘
333 2782 443 2867 gavit,
459 2781 595 2848 lectores
611 2786 717 2848 antem
732 2801 792 2848 suo
807 2781 925 2848 iudieio
941 2783 987 2848 uti
1003 2782 1115 2848 lussit.
1130 2781 1209 2846 mihi
1228 2781 1364 2850 dnhinm
1377 2799 1438 2846 non

333 2890 382 2952 est
404 2884 481 2968 quin
497 2903 568 2950 eum
584 2903 695 2950 omnes
710 2884 814 2950 Pareo
829 2885 1026 2951 simillimum
1041 2883 1180 2950 habituri
1196 2884 1284 2950 sint.
1304 2891 1437 2950 osterum
1531 2919 1532 2972 p

258 3021 270 3032 ·
322 2987 475 3073 flammae
490 2999 654 3074 tenpestas
673 3005 758 3071 qnae
779 2987 822 3052 sit
843 3005 909 3052 non
923 2986 1098 3070 intellego:
1113 2992 1202 3053 reete
1222 2986 1438 3072 probaverunt
1531 2981 1532 3060 ζ

334 3089 517 3154 Fusuuss
539 3088 690 3156 Heinsius
712 3094 745 3154 et
766 3087 1008 3158 walstodus.
1531 3127 1532 3170 p

419 3189 491 3256 648.
514 3211 814 3258 osssrornsnuu.
839 3191 992 3276 Impressi
1026 3211 1326 3258 orssrcrasnusr.
1346 3187 1437 3256 simili

333 3292 429 3360 modo
445 3293 611 3362 Vitruvius
626 3294 822 3380 drhpior'eods'
832 3293 932 3362 verbo
947 3313 1024 3362 usus
1041 3299 1091 3360 est
1105 3295 1139 3360 in
1161 3315 1205 3378 m,
1216 3295 1249 3379 4,
1260 3293 1305 3378 5,
1321 3315 1436 3360 mmor·

333 3421 393 3483 que
415 3398 523 3484 capito
543 3397 626 3462 iuter
646 3421 680 3463 ae
702 3396 904 3484 dshpr'eieuts'u
925 3411 999 3463 aaut
1020 3398 1189 3464 oolhooato.

418 3498 491 3566 651.
514 3519 775 3564 uuunnsnsnss.
792 3499 888 3592 Apud
904 3500 1043 3566 Nonium
1057 3519 1089 3585 p.
1104 3499 1175 3582 136,
1189 3497 1435 3576 tamensem,
1453 3503 1463 3528 ⁸

333 3599 453 3666 omisso
474 3601 537 3665 sd.
553 3625 591 3668 oe
613 3601 728 3668 litteris
750 3601 902 3668 librarius
929 3601 1095 3688 arohetypi
1118 3619 1196 3668 nsns
1224 3607 1274 3667 est
1296 3599 1341 3666 ad
1362 3595 1435 3664 indi-

333 3702 472 3770 eandum
494 3702 582 3769 illum
607 3709 753 3788 apertum
776 3729 792 3770 o
813 3703 939 3772 litterae
961 3722 1077 3770 sonum
1099 3702 1141 3770 de
1159 3721 1224 3787 qno
1247 3701 1318 3769 dixi
1341 3701 1384 3767 ad
1403 3699 1435 3764 ii·

332 3807 425 3872 brum
440 3804 589 3890 v‚1229‚
606 3825 709 3891 eoque
725 3807 798 3872 Itali
820 3804 917 3872 hodie
931 3811 1063 3874 nonnum
1076 3807 1110 3872 in
1131 3806 1299 3872 omino
1315 3809 1348 3870 at
1360 3807 1435 3868 oete

332 3909 377 3974 ris
392 3909 461 3975 eius
477 3907 585 3974 modi.
601 3905 676 3974 huie
691 3927 772 3988 sono
786 3907 995 3993 exprimendo
1007 3913 1115 3994 aptum
1128 3913 1177 3974 est
1187 3909 1339 3991 signnm,
1354 3901 1434 3990 quod

333 4009 441 4076 multis
466 4009 608 4095 plaenit,
629 4035 674 4094 o,
695 4010 809 4076 litteris
837 4009 1057 4092 eomplieatis.
1075 4009 1290 4076 Terentianus
1312 4007 1434 4074 hlaurus

333 4134 364 4198 p.
378 4113 463 4178 2393
478 4111 563 4178 2394
584 4131 648 4177 non
670 4109 878 4198 reprehendit
899 4111 1024 4194 eosqui
1047 4135 1113 4179 oaeu
1135 4113 1187 4180 vel
1202 4111 1363 4199 AEupolr'a
1381 4125 1435 4193 per

332 4213 554 4299 diphthongon
577 4212 739 4298 dicerent,
755 4212 813 4280 sed
836 4213 890 4297 qui
913 4212 1021 4298 priore
1043 4214 1147 4280 vooali
1170 4213 1330 4300 produeta
1351 4209 1434 4296 diph-

332 4316 475 4398 thongon
488 4314 697 4398 didnoerent‚
713 4322 750 4380 ut
760 4317 926 4382 A-urums·
937 4320 970 4380 et
983 4339 1064 4382 oro-u
1075 4321 1228 4384 sonarent
1242 4321 1277 4380 nt
1289 4311 1433 4380 Arelslu·

332 4443 371 4484 us
397 4425 430 4484 et
455 4417 626 4483 Amata-us
637 4441 648 4500 ,·
668 4435 862 4501 quamquam
889 4416 1126 4502 produotiorem
1153 4437 1265 4485 sonum
1294 4411 1433 4496 eonoedit
1529 4463 1530 4510 p

332 4521 461 4606 ouaps'oa'
479 4525 511 4585 el
531 4542 611 4585 euro
633 4520 806 4588 oteramo
822 4509 961 4606 αὔριον,
977 4519 1069 4588 euius
1089 4519 1292 4588 differentiae
1307 4531 1432 4584 oausam
1529 4543 1530 4590 i
