2996 5148
19 1765 21 1882 i
147 1767 235 1884 liuto
258 1816 318 1881 bos
340 1816 427 1880 mille
449 1834 552 1880 annos
575 1814 607 1880 in
630 1812 769 1898 quadam
793 1812 884 1896 regni
909 1811 1052 1877 Francici
1075 1817 1167 1896 parte

80 1937 156 1984 unum
178 1925 346 2005 supererat
367 1917 551 1983 Lucretiani
575 1917 724 1982 carminis
748 1915 914 2000 exemplar
936 1913 1121 1997 antiquum,
1148 1933 1167 1980 c

79 2039 128 2100 quo
141 2028 264 2106 catera,
282 2041 416 2104 qnorum
432 2026 508 2105 post
522 2020 579 2084 illa
593 2026 739 2104 tempora
753 2019 909 2084 memoria
925 2016 1005 2100 luit,
1028 2015 1168 2082 deducta

79 2129 151 2206 sunt,
172 2125 232 2188 nisi
254 2123 337 2189 forte
359 2144 432 2189 cnm
447 2123 564 2188 lobnam
580 2123 835 2187 haerecticorum
850 2139 945 2203 quem
961 2119 1091 2185 sacculo
1114 2117 1167 2184 dc

77 2223 142 2288 cino
162 2226 341 2292 Bobienscs
371 2245 407 2291 se
429 2225 550 2290 habere
572 2225 769 2309 scripserunt
791 2224 824 2287 in
847 2221 996 2304 catalogo
1020 2242 1041 2287 a
1062 2221 1167 2286 Mura-

78 2327 142 2390 torio
155 2328 187 2393 in
203 2327 460 2412 Antiquitatibus
476 2327 598 2392 italicis
614 2325 721 2410 edito,
738 2333 867 2391 tomorn
878 2325 998 2410 pato,
1015 2330 1047 2390 et
1061 2325 1167 2410 ipsum

78 2426 127 2493 iam
141 2437 215 2496 tnnc
230 2432 396 2514 antiquum
412 2429 512 2495 luisse
529 2429 686 2515 suspicari
703 2430 850 2494 volumus
865 2478 872 2492 .
889 2433 975 2493 certe
990 2425 1085 2491 buius
1100 2427 1167 2491 nnl-

79 2526 279 2618 unusquam
296 2539 385 2598 extat
399 2533 570 2615 vestigium
584 2555 592 2595 ε
608 2551 649 2597 ex
663 2532 719 2597 illo
735 2551 829 2615 quern
844 2531 878 2596 in
893 2549 995 2613 regno
1012 2529 1167 2596 Francioo

79 2629 161 2700 inisse
176 2635 325 2702 dicebam
341 2635 431 2700 multi
448 2635 570 2717 tribus,
594 2639 748 2718 quantum
765 2651 960 2717 cognoscere
975 2652 1167 2717 possumus,

79 2739 212 2822 exemplis
236 2739 390 2823 descripti
415 2743 508 2804 sunt.
525 2737 558 2802 id
582 2737 749 2821 exemplar
772 2743 949 2801 ceterorum
971 2755 1168 2798 sncnnrr-

78 2856 131 2900 ron
155 2841 219 2926 (ita
246 2841 413 2926 appellare
440 2841 548 2920 soleo)
576 2837 718 2906 constitit
744 2839 874 2924 paginis
901 2859 1005 2919 occu,
1034 2856 1168 2921 quarum

79 2957 127 3005 non
146 2947 267 3008 lantmn
284 2943 389 3030 prima
403 2950 435 3009 et
449 2943 582 3027 ultima,
599 2941 658 3009 sed
681 2948 852 3026 praetcrea
872 2941 1048 3006 centesima
1069 2960 1168 3006 nona-

78 3043 203 3129 gesima,
227 3065 314 3129 quae
336 3052 407 3110 crat
428 3051 501 3130 post
522 3043 617 3110 finem
639 3043 713 3109 libri
736 3045 862 3127 quarti,
885 3043 1085 3127 conscriptae
1103 3063 1168 3108 non

78 3141 208 3212 luerunt:
236 3150 315 3214 item
337 3167 404 3212 una
425 3149 457 3212 in
478 3147 560 3212 libro
583 3147 708 3231 primo,
734 3153 769 3211 ut
792 3145 897 3211 dicam
921 3145 963 3210 ad
986 3144 1078 3211 huius
1100 3166 1169 3212 ver·

77 3263 133 3311 snnr
146 3249 247 3333 1093,
263 3268 369 3314 vacua
385 3249 443 3314 luit
454 3249 586 3315 relicta:
603 3251 637 3314 in
647 3249 780 3332 reliquis
794 3248 922 3312 luerunt
934 3267 1046 3314 versus
1058 3249 1169 3332 vigeni

77 3350 151 3434 seni,
171 3352 204 3417 in
228 3352 343 3417 nllima
363 3351 436 3416 libri
460 3351 612 3434 cuiusque
628 3352 818 3436 pauciores.
835 3369 930 3434 porro
954 3350 1024 3416 eins
1048 3350 1170 3416 codicis

77 3451 250 3535 scripturam
271 3453 386 3519 litteris
406 3453 600 3539 capitalibus
617 3453 861 3537 gracilioribus,
886 3473 951 3518 non
968 3454 1168 3536 uncialibus,

77 3549 160 3619 luisse
181 3556 289 3621 multis
305 3555 431 3622 indiciis
446 3557 597 3639 cognosci
613 3563 720 3641 potest
734 3579 740 3619 :
756 3555 985 3621 vocabulorum
1006 3553 1169 3621 distinctio

76 3654 151 3720 nulla
162 3657 241 3742 luit,
259 3659 489 3725 sententiarum
501 3659 763 3724 constantissima
775 3659 807 3722 in
820 3657 934 3724 modiis
947 3657 1092 3724 versibus
1105 3707 1111 3721 .
1131 3677 1170 3723 ex

76 3757 176 3834 quibus
197 3761 295 3826 rebus
317 3761 521 3844 intellegitur·
535 3781 607 3826 eum
629 3761 758 3828 saeculo
784 3767 859 3846 post
880 3760 1038 3826 Christum
1061 3765 1171 3825 natum

77 3866 175 3937 quana
198 3861 353 3944 quintove
375 3865 589 3949 conscriptum
613 3863 734 3945 luisse,
763 3862 960 3946 Vergilianis
984 3863 1172 3948 exemplari·

77 3957 144 4046 bna,
166 3983 249 4047 qnae
271 3984 311 4030 ex
334 3985 373 4031 eo
393 3986 512 4049 genere
535 3973 727 4050 supersunt,
751 3965 966 4030 simillimum.
982 3964 1043 4030 hoc
1065 3971 1174 4031 tamen

77 4064 278 4132 ornandum
302 4073 371 4149 cst,
394 4087 501 4152 neque
529 4067 694 4133 librarium
721 4087 787 4132 rom
811 4087 903 4133 snam
926 4067 1005 4134 satis
1030 4067 1174 4134 studiose

78 4164 191 4252 egisse,
214 4189 319 4252 neque
342 4177 557 4254 correctores,
581 4189 662 4253 quos
685 4171 718 4235 in
742 4169 824 4234 libro
847 4169 1042 4254 expoliendo
1065 4189 1173 4236 curam

79 4267 239 4338 collocasse
262 4279 418 4356 apparel,
442 4273 543 4337 multa
566 4272 608 4337 ab
629 4271 685 4337 illo
701 4279 836 4356 peccata
851 4270 1064 4338 emendasse:
1089 4280 1174 4338 certe

80 4385 114 4432 ne
133 4391 226 4438 unum
249 4373 380 4457 quidem
400 4394 440 4440 ex
456 4377 497 4441 iis
511 4373 660 4441 versibus
675 4395 754 4458 quos
770 4375 931 4440 omisisset
945 4373 1151 4440 restituerunt
1165 4396 1173 4457 ;

81 4473 282 4542 suadeantur
294 4476 371 4542 mibi
384 4476 526 4543 codicem
542 4497 654 4560 sunm,
671 4485 705 4543 ut
721 4478 788 4543 iere
801 4475 972 4560 dicebant,
988 4476 1058 4542 sine
1071 4495 1175 4542 exem-

82 4571 172 4652 plario
194 4578 312 4660 legisse
334 4585 366 4644 ct
388 4585 423 4644 ut
444 4579 605 4664 potuerint
628 4579 837 4647 emendasse.

930 4681 946 4743 1
957 4682 976 4722 ab
