2996 5148
540 451 584 516 vt

40 627 143 712 proinde
163 625 210 692 ubi
233 645 267 692 se
290 627 418 692 eaelum
441 625 526 708 quod
550 623 643 688 nobis
664 621 747 686 sorte
768 622 909 688 alienum

18 747 182 808 rorrrnmoret
201 748 294 823 atque
318 747 376 805 aer
398 739 544 804 inimicus
567 757 698 822 serpere
720 738 845 822 eoepit,

39 865 61 919 ut
77 855 175 921 nebula
195 875 232 921 ae
252 857 358 950 nubes
379 853 533 938 paulatim
554 853 639 937 repit
661 859 693 918 et
715 871 809 917 omne
830 921 845 956 ·

39 992 81 1053 qna
98 971 226 1052 graditur
251 971 421 1038 conturbat
444 973 475 1032 ct
496 967 664 1032 immutare
686 973 833 1049 coactat,

38 1087 59 1146 dt
75 1103 182 1167 quoque
203 1093 256 1164 ut,
272 1084 306 1148 in
329 1089 472 1148 nostrum
495 1103 566 1149 cum
589 1084 676 1148 veuit
698 1080 837 1163 denique
860 1081 1003 1155 caelum,

37 1205 181 1284 corrumpat
201 1199 385 1280 reddatque
408 1198 457 1263 sui
479 1197 582 1262 simile
605 1203 700 1279 atque
722 1196 880 1262 alienum.

18 1315 93 1378 :brec
110 1316 196 1400 igitur
217 1315 328 1380 subito
352 1311 460 1378 clades
482 1333 567 1378 nova
590 1311 812 1397 pestilitasque

35 1430 116 1494 autin
134 1449 230 1512 aquas
253 1428 347 1494 cadit
369 1434 424 1492 aut
444 1426 553 1509 fruges
575 1425 709 1512 persidit
730 1426 763 1489 iu
785 1423 874 1509 ipsas
961 1420 968 1438 '

35 1554 70 1606 aot
87 1545 156 1609 alios
177 1544 341 1608 hominum
364 1549 475 1627 pastus
497 1541 720 1628 pecudumque
743 1540 887 1622 cibatus,

36 1662 170 1724 autetiam
192 1677 356 1743 suspensa
377 1665 485 1723 manet
506 1644 555 1722 vis
578 1663 653 1722 ab're
675 1656 709 1720 in
730 1655 823 1738 ipso,

35 1785 136 1840 sucum
157 1773 322 1858 spirantes
344 1772 460 1838 mixtas
482 1772 557 1838 hino
580 1771 723 1836 ducimus
746 1789 863 1853 auras,

17 1887 69 1950 rita
86 1909 198 1971 quoque
220 1890 256 1954 in
280 1907 400 1970 corpus
421 1887 541 1972 pariter
563 1885 694 1951 sorbere
718 1889 901 1950 necessest.

37 2003 151 2068 orsiniti
174 2004 304 2069 ratione
325 2003 412 2066 veuit
433 2001 538 2066 bubus
561 2017 690 2082 quoque
712 2017 810 2083 saepe

39 2118 152 2196 pestilitas
174 2125 206 2183 ot
228 2119 298 2183 iam
321 2117 423 2202 pigris
446 2115 630 2183 balantibus
652 2133 785 2198 aegror.

45 2251 71 2294 or
87 2234 172 2298 refert
193 2239 304 2298 utrum
327 2251 388 2298 nos
409 2231 443 2298 in
464 2230 537 2296 inea
557 2228 767 2294 deveniamus

47 2345 93 2414 ntis
112 2347 249 2414 adversa
273 2351 307 2412 ct
328 2345 410 2410 caeli
432 2351 591 2410 mutemus
613 2343 786 2425 amictum,

17 2463 185 2527 arcasium
208 2461 309 2527 nobis
331 2461 415 2526 uibo
437 2465 554 2524 natura
576 2463 718 2524 coortum

38 2571 120 2642 deierat
139 2585 194 2643 aut
217 2575 347 2658 aliquid
369 2595 432 2658 quo
455 2593 520 2638 non
542 2571 767 2638 consuevimus
788 2572 854 2654 uti,

38 2691 92 2766 prod
109 2711 164 2758 nos
185 2691 332 2757 adventu
353 2689 455 2774 pessit
476 2693 631 2771 temptare
653 2685 792 2752 receuti.

58 2802 125 2870 Haeo
144 2807 226 2872 ratio
251 2803 416 2889 quondam
438 2803 618 2868 morborum
642 2809 674 2867 et
694 2801 797 2866 morti'
818 2799 900 2866 ferai

35 2915 115 2984 initus
134 2921 165 2986 in
188 2921 344 3005 Cecropis
366 2919 511 2984 funestos
534 2917 673 2983 reddidit
693 2937 791 2998 agros

16 3037 194 3119 amavitque
218 3037 312 3128 vias,
329 3034 475 3100 exhausit
497 3033 618 3100 civibus
635 3032 767 3097 urbem.

33 3165 81 3210 ran
100 3152 222 3234 penitus
245 3150 381 3216 veniens
403 3148 542 3234 Aegypti
565 3147 672 3213 fluibu'
695 3145 844 3230 morbus,

33 3269 83 3325 cira
99 3284 288 3348 permensus
309 3265 440 3330 muitum
465 3281 659 3348 camposque
682 3263 843 3344 natantis,

32 3375 138 3445 incubuit
158 3381 292 3446 undam
314 3379 433 3466 populo
457 3378 632 3444 Pandionis
654 3376 780 3442 omuei.
860 3391 862 3396 ’

33 3485 82 3556 inde
101 3495 287 3564 catervatim
310 3493 601 3576 morbo-mortique
624 3492 802 3557 dabantur.

16 3607 153 3694 tprincipio
177 3619 278 3695 caput
298 3611 465 3676 incensum
487 3608 613 3674 fervore
635 3608 792 3689 gerebant

32 3725 50 3780 tt
66 3721 189 3808 duplicis
213 3725 327 3791 oculos
348 3725 466 3792 diffusa
488 3725 557 3788 luce
580 3723 753 3787 rubentes.

32 3837 161 3904 sobnam
181 3841 280 3907 etiam
303 3839 414 3906 fauces
434 3839 623 3905 intrinsecus
646 3843 735 3902 atrae

60 4019 200 4032 ⁵⁸——

36 4139 82 4188 1119
98 4145 227 4194 ausuum.
250 4141 263 4212 li
284 4147 348 4193 1121
364 4144 404 4194 Vc
424 4143 436 4210 Η
460 4145 526 4193 1122
545 4141 659 4206 graditus
678 4138 814 4189 conturbas
835 4131 848 4202 ΙΙ
870 4135 937 4184 1124
955 4133 1092 4194 reddetque
1113 4129 1126 4198 Η

36 4227 83 4276 1121
100 4231 268 4294 ostilitasqne.
289 4227 302 4298 11
329 4233 393 4280 1132
413 4231 556 4282 calentibus
577 4229 590 4296 11
619 4229 684 4278 1135
703 4227 771 4276 uitro
793 4225 804 4290 Ι,
826 4229 1003 4286 corumptum.
1024 4217 1037 4289 Η
1060 4221 1126 4270 1138

33 4315 169 4368 uroruterae.
191 4319 204 4384 Η
228 4319 294 4368 1133
313 4318 425 4382 cecropit
445 4315 457 4385 ii
480 4321 544 4368 1141
566 4317 651 4368 venies
670 4313 684 4382 Η
704 4322 790 4364 ortus.
821 4315 824 4382 ι
847 4311 913 4360 1143
933 4323 1049 4360 omnem.
