3020 5146
365 451 424 514 188
911 445 939 508 V

362 616 595 701 nympharum,
612 615 727 697 quibua
750 636 768 680 e
792 615 915 680 scibant
937 617 1047 682 unrori'
1069 617 1189 682 fluenta

287 752 336 798 999
362 729 486 795 lubrica
508 729 650 813 proluvie
673 730 765 813 larga
786 730 896 796 lavere
918 731 1030 798 umida
1052 752 1153 808 saxa,

362 843 472 907 umida
495 862 597 920 9999,
615 863 711 928 super
732 845 822 909 viridi
845 844 1001 910 stillantia
1022 866 1151 928 musco,

362 965 394 1023 et
416 957 532 1042 partim
556 957 653 1040 plano
677 965 799 1024 scatere
822 966 917 1040 alque
940 977 1104 1045 erumpere
1127 979 1262 1044 campo.

362 1092 423 1137 nec
446 1069 520 1134 dum
544 1090 596 1136 res
619 1071 687 1152 igni
710 1071 834 1136 scibant
856 1077 994 1138 tractare
1016 1093 1121 1156 neque
1143 1071 1188 1136 uti

364 1186 503 1269 pellibus
526 1191 557 1250 99
579 1185 691 1270 spoliis
714 1206 830 1269 corpus
853 1187 970 1251 vestire
993 1189 1153 1272 serarum,

289 1321 339 1368 999
365 1301 422 1366 sed
446 1318 577 1364 nemora
600 1305 696 1380 atque
719 1319 817 1364 cavos
838 1301 954 1366 montis
978 1301 1138 1385 silvasque
1161 1302 1336 1387 colebant,

363 1420 395 1479 99
417 1412 546 1478 frutices
569 1413 652 1478 inter
675 1413 856 1480 condebant
879 1415 1028 1497 squalida
1051 1418 1212 1494 membra,

362 1528 496 1592 verbera
519 1535 683 1593 ventorum
706 1527 807 1592 vitare
829 1529 1006 1612 imbrisque
1030 1532 1150 1596 coacti.

363 1662 424 1708 999
446 1661 611 1707 commune
635 1642 751 1706 bonum
774 1649 923 1728 poterant
943 1652 1111 1730 spectare,
1130 1665 1234 1728 neque
1260 1645 1336 1711 ullia

362 1757 502 1822 moribus
526 1757 608 1820 inter
631 1776 665 1820 se
689 1757 813 1822 scibant
836 1777 895 1824 999
918 1759 1042 1843 legibus
1066 1760 1130 1824 uti.

279 1847 338 1938 999
363 1871 448 1954 quod
473 1873 587 1952 cuique
610 1871 767 1936 obtulerat
789 1872 931 1957 praedae
954 1873 1101 1956 fortuna,
1117 1873 1246 1940 ferebat

362 1992 475 2069 sponte
499 2006 558 2050 aua
581 1985 643 2051 sibi
666 1987 799 2069 quisque
822 1989 931 2052 valere
955 1996 986 2052 99
1008 1988 1115 2054 vivere
1138 1989 1274 2058 doctus.

362 2108 394 2166 99
419 2102 526 2165 Venus
548 2100 582 2163 in
604 2099 693 2166 silvis
716 2101 869 2186 iungebat
891 2122 1026 2187 corpora
1048 2111 1235 2171 amantum:

362 2215 556 2279 conciliabat
578 2215 662 2278 enirn
687 2215 736 2280 vel
761 2221 868 2279 mutua
892 2237 1050 2300 quamque
1073 2219 1190 2304 cupido

361 2331 410 2394 vel
434 2330 575 2395 violenta
598 2329 655 2392 viri
679 2329 726 2393 vis
749 2336 846 2412 atque
870 2330 1007 2416 inpensa
1030 2333 1128 2399 libido

287 2466 336 2512 999
362 2447 412 2509 vel
436 2446 593 2530 pretium,
611 2444 748 2526 glandes
772 2453 867 2526 atquc
890 2445 995 2512 arbita
1017 2449 1066 2512 vel
1089 2449 1158 2532 pira
1179 2449 1291 2514 lecta.

361 2568 393 2624 et
416 2579 567 2624 manuum
591 2559 669 2622 mira
692 2560 763 2626 freti
786 2560 900 2627 virtute
924 2563 1105 2646 pedumque

361 2677 627 2741 consectabantur
649 2673 808 2741 silvestria
830 2676 940 2741 saecla
963 2676 1125 2763 ferarum,

361 2791 524 2872 multaque
546 2790 733 2872 vincebant,
751 2790 897 2856 vitabant
920 2811 1022 2876 pauca
1044 2793 1195 2878 latebris,

362 2905 594 2987 saetigerisque
617 2927 712 2991 pares
737 2905 835 2971 subus

286 3043 335 3090 999
361 3021 531 3088 missilibus
554 3023 642 3087 saxis
664 3029 695 3086 ct
716 3041 834 3106 magno
857 3021 1000 3108 pondere
1023 3023 1155 3089 clavae.

860 3137 1020 3202 silvestria
1043 3138 1184 3204 membra

286 3272 335 3317 ero
362 3251 449 3315 nuda
472 3251 595 3315 dabant
616 3257 720 3315 terrae
734 3301 741 3326 ‚
757 3257 912 3316 nocturno
934 3233 1077 3336 tempore
1100 3253 1206 3338 capti,

362 3366 478 3430 circum
502 3385 537 3430 se
559 3363 643 3429 toliis
665 3383 704 3428 99
726 3364 894 3430 frondibus
916 3365 1133 3434 involventes.

360 3500 419 3544 nec
441 3479 597 3562 plangore
620 3478 706 3546 diem
730 3500 850 3562 magno
872 3479 1036 3563 solemque
1058 3501 1116 3566 per
1138 3501 1236 3563 agros

362 3593 558 3675 quaerebant
580 3593 689 3677 pavidi
711 3595 862 3680 palantes
885 3596 986 3662 noctis
1010 3595 1043 3660 in
1066 3595 1205 3674 umbris,

363 3707 422 3772 sed
445 3707 530 3772 taciti
553 3711 778 3793 respectabant
800 3729 975 3792 somnoque
998 3711 1135 3795 sepulti,

287 3845 337 3890 999
361 3823 435 3888 dum
458 3843 551 3888 rosea
574 3823 644 3890 face
667 3826 715 3890 sol
738 3825 867 3891 inferret
889 3825 1010 3890 lumina
1032 3826 1142 3891 eaelo:

362 3959 382 4002 a
405 3939 514 4022 parvis
538 3939 624 4020 quod
648 3939 729 4004 enirn
755 3947 947 4006 consuerant
969 3959 1099 4006 9999999
1121 3959 1251 4024 semper

362 4053 485 4119 alterno
508 4052 657 4118 tenebras
679 4059 711 4120 et
732 4053 834 4120 lucem
857 4059 999 4138 tempore
1021 4054 1131 4138 gigni,

363 4189 426 4233 non
450 4177 519 4234 erat
541 4175 575 4232 ut
596 4169 664 4233 lieri
687 4174 796 4254 posset
818 4168 963 4235 mirarier
985 4189 1134 4252 umquam

366 4335 415 4382 949
430 4349 517 4384 umore
537 4331 551 4401 ΙΙ
572 4335 621 4384 993
634 4335 747 4385 scribant
767 4331 780 4401 ΙΙ
801 4338 850 4385 959
864 4335 979 4384 sciebant
999 4333 1012 4402 ll
1033 4333 1082 4384 999
1096 4335 1199 4400 lugebat
1220 4333 1234 4402 ΙΙ
1257 4337 1310 4386 970
1324 4331 1436 4388 uocarat

366 4422 415 4472 979
430 4422 528 4487 pervidi
550 4418 563 4488 ll
585 4423 634 4469 976
654 4429 725 4472 99999
745 4420 758 4490 ll
780 4424 828 4472 977
849 4421 957 4488 Aperui!
