3020 5146
553 416 579 478 V
692 365 694 368 ,

39 593 114 666 atque
134 585 195 648 alla
215 585 300 650 illius
321 585 464 668 reparari
484 587 517 648 in
540 591 631 669 perte
654 585 809 671 locoque,

39 699 173 764 difficilest
192 700 313 766 ratione
335 699 452 766 docere
475 707 506 765 et
526 700 652 767 vincere
673 701 802 784 verbis,

39 813 131 879 ordine
151 835 218 878 cum
240 815 363 897 possint
384 822 449 879 tam
473 821 559 880 certo
581 815 682 881 multa
704 817 826 882 creari.

39 927 55 990 lt
71 947 117 992 ser
136 935 166 992 et
187 925 312 1012 Venus,
330 935 362 995 et
383 929 466 994 veris
488 930 695 1014 praenuntius
717 937 790 996 unte

39 1048 168 1124 pennatus
189 1043 334 1124 graditur
355 1043 534 1130 zephyrus,
550 1045 688 1126 vestigia
709 1051 839 1129 propter

39 1155 112 1220 Flore
132 1158 241 1239 quibus
264 1163 368 1223 meter
388 1177 624 1242 praespargens
647 1167 722 1224 ante
743 1160 808 1224 viai

39 1279 127 1336 cuncta
147 1271 305 1336 coloribus
330 1271 468 1357 egregiis
485 1253 531 1338 et'
543 1273 697 1340 odoribus
722 1274 851 1358 opplet.

39 1383 93 1448 inde
111 1385 165 1450 loci
187 1385 330 1468 sequitur
352 1387 441 1451 calor
462 1385 572 1452 aridus
595 1395 627 1452 et
649 1406 755 1478 comes
778 1408 843 1453 una

39 1497 224 1580 pulverulenta
248 1499 345 1566 Ceres
368 1506 399 1564 ct
421 1500 522 1566 etesia
544 1486 645 1566 flabra
666 1502 871 1584 aquilonum.

39 1609 92 1674 inde
110 1621 269 1680 autumnus
293 1613 381 1692 adit,
397 1615 539 1696 graditur
561 1616 654 1680 simul
677 1615 798 1681 Euhius
820 1617 931 1681 Euan.

39 1723 92 1789 inde
111 1728 186 1792 aliae
207 1733 415 1812 tempestates
438 1729 586 1811 ventique
610 1735 776 1814 secuntur,

39 1837 172 1907 altitonans
194 1841 370 1908 Volturnus
392 1849 423 1906 et
445 1849 551 1908 auster
573 1842 703 1908 fulmine
727 1845 872 1928 pollens.

39 1954 135 2018 tandem
157 1957 266 2021 bruma
289 1957 380 2023 nives
404 1956 510 2024 adfert
531 1959 720 2042 pigrumque
742 1959 902 2040 rigorem,

39 2069 114 2146 prodit
133 2070 271 2155 hiemps,
289 2071 434 2153 seqnitur
456 2073 614 2156 crepitans
637 2073 722 2138 hanc
744 2073 894 2140 dentibus
917 2073 1029 2154 algor.

43 2197 83 2258 quo
98 2184 189 2251 minus
212 2193 262 2252 est
286 2186 419 2269 mirum,
437 2187 463 2251 si
488 2191 573 2250 certo
595 2193 740 2271 tempore
762 2188 838 2252 luna

43 2293 142 2374 gignitur
162 2308 193 2364 et
215 2307 305 2366 certo
329 2299 452 2365 deletur
473 2305 617 2384 tempore
640 2321 752 2378 rusus,

43 2425 89 2472 suu
105 2411 160 2478 ieri
183 2418 313 2500 possint
333 2423 396 2480 tam
420 2420 506 2480 certo
529 2421 672 2500 tempore
695 2414 818 2480 multa.

64 2526 126 2592 Solis
145 2529 216 2594 item
240 2548 373 2614 quoque
396 2528 540 2594 defectus
562 2529 720 2613 lunaeque
743 2531 885 2596 latebras

39 2635 143 2718 pluribus
164 2665 181 2711 e
203 2645 315 2711 causis
337 2644 404 2710 fieri
427 2644 483 2708 tibi
506 2663 602 2727 posse
624 2643 848 2730 putandumst.

39 2771 85 2816 lam
103 2777 150 2822 cnr
170 2761 244 2825 luna
269 2765 369 2842 queat
390 2765 506 2824 terram
531 2759 696 2825 secludere
720 2759 799 2825 solis

39 2871 122 2936 ¹nmine
142 2881 170 2938 et
191 2895 212 2939 a
234 2873 330 2940 terris
352 2873 450 2938 altum
474 2881 568 2958 capnt
590 2875 754 2940 obstruere
777 2873 826 2956 ei,

39 2979 142 3053 >ticieus
163 3009 294 3056 caecum
319 2988 417 3054 radiis
440 2988 627 3054 ardentibus
651 2987 780 3052 orbem:

39 3113 143 3182 cupere
163 3105 278 3170 eodem
302 3103 381 3167 aliut
402 3101 510 3168 fecere
533 3101 566 3165 id
587 3121 651 3166 non
673 3120 770 3185 posse
791 3106 918 3184 putetur

39 3229 136 3296 terpus,
152 3219 236 3300 quod
260 3238 389 3284 caesum
412 3217 538 3282 labatur
560 3215 682 3281 lumine
704 3217 857 3300 semper?

39 3323 117 3407 elque
137 3351 210 3400 snos
232 3335 331 3400 etism
354 3333 512 3398 dimittere
535 3330 705 3416 languidus
726 3330 810 3413 ignis

39 3457 144 3525 empore
164 3468 219 3512 cur
242 3457 328 3514 certo
351 3453 508 3530 nequeat,
525 3463 733 3527 recreareque
756 3446 881 3530 lumen,

39 3571 82 3619 un
99 3559 164 3627 locu
185 3563 349 3648 praeteriit
369 3559 507 3626 flammis
529 3557 643 3625 infesta
665 3579 723 3644 per
745 3578 858 3638 auras,

39 3675 223 3746 parturiunt
244 3677 330 3758 ignis
352 3673 551 3755 interstingui
574 3680 670 3756 atque
693 3675 825 3760 perire?

39 3787 54 3840 tt
70 3805 114 3850 cur
134 3795 216 3856 terra
239 3797 339 3874 queat
360 3791 468 3856 lunam
491 3787 630 3872 spoliare
653 3789 791 3855 vicissim

41 3899 124 3966 umine
145 3911 176 3969 et
197 3924 386 3990 oppressum
408 3903 508 3969 solem
532 3921 627 3986 super
649 3903 721 3987 ipsa
743 3909 875 3988 tenere,

74 4081 199 4094 -»½.

39 4193 69 4242 '³6
84 4203 171 4260 possint
188 4205 327 4256 omissum.
353 4205 365 4272 ll
393 4207 441 4255 737
465 4205 563 4254 veneris
586 4200 599 4271 ΙΙ
626 4206 675 4253 738
697 4203 798 4267 zephyri
823 4199 837 4270 ΙΙ
863 4205 911 4252 742
931 4203 1085 4252 Pulvcruntu
1103 4200 1118 4271 ΙΙ

39 4287 187 4338 lemurum.
208 4289 222 4358 Η
243 4295 291 4340 747
307 4292 385 4342 Redit
403 4291 415 4358 ll
437 4291 562 4344 creditisne
581 4289 594 4362 ΙΙ
615 4290 684 4358 olgi.
705 4288 718 4357 Η
741 4291 790 4340 750
809 4289 863 4342 fleri
884 4289 896 4358 l]
919 4291 967 4340 753
987 4290 1083 4360 possis.
1105 4287 1118 4361 ll

39 4365 70 4416 oe·
87 4373 165 4424 eadem
184 4372 198 4446 ΙΙ
219 4380 265 4426 761
287 4379 380 4444 periri.
