3096 5142
205 395 208 400 ·
310 356 372 421 278
608 375 615 390 ·
822 353 878 416 'V

309 526 454 592 ordinem
476 543 627 591 versuum
651 523 875 591 invertendum
891 543 964 590 esse
979 523 1136 590 Marullus
1151 524 1251 606 vidit,
1266 522 1406 607 idemque

308 627 429 713 optime
451 627 582 712 scripsit
605 628 772 709 Thracen,
793 627 855 693 nisi
882 625 969 710 quod
995 626 1112 694 rectius
1141 633 1190 694 ost
1209 629 1406 692 Tarracon.

308 731 463 814 Forbiger
477 731 648 796 lbracrbm
659 729 738 796 vitio
754 729 894 814 duplici,
912 728 988 813 quia
1002 748 1062 796 uec
1076 728 1234 813 syniaesis
1247 729 1281 795 in
1292 729 1408 796 Graeco

211 831 216 842 '
308 833 438 900 nomine
460 832 597 918 serenda
618 837 688 916 est,
704 837 740 902 ut
761 829 933 898 observavi
955 830 998 898 od
1020 831 1138 896 librum
1151 831 1409 916 m,917,nequc

311 937 480 1001 Thraciam
502 935 587 1000 ullus
608 939 706 1019 poeta
727 931 809 999 dixit
829 939 958 1020 praeter
977 935 1161 1018 Lucanum,
1178 933 1235 1018 qni
1257 933 1410 1018 quomodo

308 1039 369 1104 boo
390 1039 423 1102 in
446 1059 479 1122 ιι,
495 1037 556 1104 162
577 1036 699 1102 audere
720 1036 859 1122 pomerii
879 1055 945 1102 non
966 1037 1141 1120 intellego,
1157 1035 1221 1101 nisi
1240 1036 1327 1120 quod
1340 1041 1412 1102 ante

309 1161 380 1206 eum
396 1140 558 1223 Vergilius
581 1139 657 1206 fauit
677 1133 929 1206 Samothraciam
951 1129 1098 1205 Acerdos
1112 1159 1167 1220 vn,
1179 1138 1267 1206 208.
1289 1157 1362 1204 uam
1382 1139 1412 1202 iu

309 1243 416 1310 Ovidii
440 1247 567 1308 metam.
586 1262 628 1326 vr,
637 1241 708 1308 435
730 1241 930 1324 exemplaria
950 1247 1062 1308 vetera
1083 1243 1164 1308 tenti
1186 1261 1253 1308 non
1279 1240 1360 1307 lanio
1380 1247 1414 1306 ut

309 1365 381 1411 oum
406 1345 543 1410 Thracia
565 1344 716 1411 maluisse
739 1343 869 1411 credam
891 1363 988 1428 quam
1006 1345 1150 1410 Thrace.
1170 1343 1355 1412 Ciceronem
1375 1343 1413 1408 da

307 1469 343 1515 re
365 1447 495 1533 publica
520 1447 676 1513 lbracam
698 1446 839 1532 dixisse,
861 1467 928 1512 non
953 1447 1141 1530 sarcarum,
1163 1447 1297 1515 Servius
1322 1446 1415 1513 refert

308 1550 351 1617 ad
374 1549 537 1616 Aeneidos
555 1571 611 1634 xn,
627 1549 714 1616 335:
737 1548 839 1614 nihilo
866 1549 973 1614 minus
1001 1550 1034 1614 in
1057 1547 1214 1616 Vaticano
1243 1549 1413 1635 exemplari

309 1654 413 1720 Maius
435 1651 517 1718 libro
532 1651 604 1736 ιι,4
625 1652 778 1736 scriptum
801 1652 923 1718 invenit
946 1653 1139 1718 aureatam.
1160 1652 1219 1720 sed
1244 1652 1413 1735 Marullus,

308 1755 359 1821 cui
381 1755 568 1842 Stymphala
589 1755 721 1820 colantes
746 1755 878 1838 quinam
908 1753 1092 1820 dicerentur
1117 1775 1184 1821 non
1208 1762 1277 1822 tam
1299 1757 1413 1821 clarum

308 1857 470 1924 videretur
491 1876 589 1941 quam
604 1855 807 1924 Wakefieldo
830 1862 862 1924 et
882 1857 1080 1942 Forbigero,
1098 1855 1176 1924 iecit
1198 1859 1282 1924 satis
1304 1857 1414 1924 audac

307 1966 355 2027 ter
381 1962 554 2046 Tantopcra
575 1958 735 2047 officerent
760 1961 872 2043 nodab,
893 1961 1045 2046 aacobqaa
1070 1959 1228 2027 amandae
1257 1961 1415 2047 Uayasbaa

307 2061 470 2130 Arcadiae
491 2062 632 2128 valacras
653 2061 841 2151 Stymphala
862 2063 1017 2128 coLeotea.
1039 2062 1139 2148 mihi,
1156 2063 1313 2147 quoniam
1333 2062 1415 2128 acta

307 2166 386 2232 satis
409 2170 494 2231 recte
517 2163 633 2231 abesse
653 2171 778 2250 potest,
795 2163 1035 2250 simplicissimo
1057 2165 1200 2232 remedio
1224 2166 1272 2232 uti
1294 2165 1415 2252 placet,

307 2275 342 2333 ut
363 2268 522 2333 scribatur
546 2269 646 2334 Tanto
668 2291 760 2354 opera
781 2267 960 2353 efferrent,
981 2289 1024 2331 nr
1046 2289 1139 2332 aves
1161 2269 1352 2356 Stymphala
1370 2289 1414 2332 co

308 2372 426 2437 lentas.
455 2369 541 2436 infra
565 2369 631 2437 560
660 2369 819 2453 oblongus
846 2371 925 2450 Quoia
950 2373 1036 2458 poteb
1065 2384 1110 2437 eat
1138 2372 1229 2437 acta
1257 2373 1327 2436 aa'ai
1350 2369 1414 2450 aab,

306 2474 363 2539 ubi
385 2479 545 2539 corrector
566 2471 687 2538 delevit
707 2473 819 2539 cobrin.
849 2471 935 2539 addo
966 2473 1051 2558 qnod
1082 2475 1166 2540 inter
1191 2492 1229 2539 se
1256 2472 1416 2538 simillima

308 2583 382 2642 sunt
402 2597 534 2640 srnnrs
558 2581 590 2641 et
610 2595 741 2640 soors.

392 2679 444 2745 33.
467 2699 636 2742 scansus
659 2697 775 2742 ruens
791 2724 801 2743 .
817 2679 969 2742 donans
992 2691 1081 2745 aare
1100 2677 1264 2762 Vergilius
1280 2681 1360 2743 den.
1374 2698 1415 2756 rx,

308 2781 392 2866 794,
409 2781 590 2846 Macrobius
613 2779 740 2847 Saturn.
756 2801 799 2864 ιι,
815 2781 854 2846 1.

393 2883 445 2949 34.
469 2885 633 2948 Annoars
654 2903 853 2947 ιιιιιιιιιυι
869 2903 1020 2947 erraras
1036 2932 1044 2948 .
1061 2884 1215 2950 Marullus
1238 2905 1414 2949 erraras.
1529 2873 1530 2876 ¹

393 2987 444 3054 35.
466 2989 641 3053 Paorraa
662 3005 855 3051 urrunnun
881 3007 986 3050 arnus
1012 3006 1226 3058 caesareus
1254 3009 1414 3052 sarens.

308 3090 476 3156 Turnebus
509 3091 764 3173 Arsssrnuu,
792 3087 968 3156 Lambinus
1002 3109 1248 3175 rsnsonoun,
1273 3109 1414 3156 cosona

307 3192 483 3259 Marullus.

392 3295 444 3361 38.
468 3295 541 3361 Ssn
564 3315 634 3359 uos
656 3317 792 3361 vrsors
814 3315 983 3361 raanan.
1007 3295 1080 3360 Itali
1103 3294 1145 3362 Sr
1166 3319 1229 3362 noa
1252 3318 1384 3361 vrors.

392 3397 445 3464 43.
469 3417 540 3468 oon
561 3417 723 3461 raonem
749 3419 856 3464 uosrs
878 3398 1007 3470 Arous
1034 3419 1219 3463 rrarouen
1247 3421 1340 3464 suren
1365 3421 1413 3462 ra·

308 3521 440 3564 enarra
463 3521 748 3565 rssrsnnnnnrr.
775 3502 868 3568 Hane
889 3500 1041 3587 syntaxiu
1066 3501 1241 3567 Lambinus
1265 3507 1350 3568 reate
1370 3521 1413 3565 ro·

308 3601 474 3688 pudiavit,
496 3603 551 3685 qui
574 3604 702 3688 scripsit
724 3605 871 3691 paccata
891 3617 988 3669 tuac.
1011 3602 1069 3669 sed
1091 3603 1224 3670 verbum
1247 3603 1413 3670 substanti·

307 3725 382 3770 vum
395 3705 539 3772 omittere
550 3725 613 3771 non
626 3711 676 3772 est
686 3725 763 3772 usus
774 3705 978 3773 Lucretiani:
996 3725 1075 3789 ergo
1087 3706 1264 3773 scribemus
1279 3727 1411 3787 runsr,

307 3815 342 3871 ut
363 3805 431 3871 dixi
454 3807 497 3872 ad
519 3807 635 3873 librum
649 3809 767 3898 ι,111.

391 3909 697 3992 lacescamus
719 3931 859 3976 sonas.
882 3910 960 3976 ltali
982 3911 1163 3998 cupidinis,
1185 3909 1342 3977 Marullus
1363 3935 1411 3974 ca

304 4009 433 4096 pedicas
442 4061 452 4095 ,
468 4013 643 4079 Lambinus
658 4033 883 4078 ocerannus
899 4061 907 4078 .
923 4013 956 4078 in
972 4035 1014 4096 ιι,
1030 4014 1113 4079 1090
1127 4012 1286 4096 oblongus
1300 4013 1411 4099 cappe-

308 4113 381 4178 diac
393 4137 403 4177 :
417 4114 475 4179 scd
491 4115 696 4182 Florentinus
712 4115 865 4182 Varronis
882 4115 923 4181 de
942 4115 1057 4198 lingua
1070 4115 1188 4181 Latina
1202 4136 1223 4178 v
1238 4136 1270 4200 p.
1285 4115 1345 4180 148
1356 4114 1410 4201 so

307 4240 378 4280 ram
406 4216 612 4302 cuppedinis,
633 4241 749 4304 cappae
776 4231 805 4283 et
830 4217 987 4304 cuppedia
1013 4216 1139 4283 codices
1166 4217 1259 4282 Pauli
1285 4215 1409 4284 diaconi

306 4339 339 4402 p.
354 4317 414 4402 37,
436 4317 575 4383 Plautini
601 4318 635 4382 in
661 4319 773 4385 Sticho
796 4339 825 4404 v,
841 4319 872 4398 4,
887 4319 930 4384 32
956 4325 989 4384 et
1014 4319 1048 4383 in
1076 4319 1260 4384 Trinummo
1281 4341 1316 4404 ιι,
1332 4319 1358 4402 1,
1374 4317 1409 4382 13

307 4420 464 4506 cappcdca
478 4427 510 4486 et
524 4443 640 4505 cappas
649 4469 659 4504 ‚
675 4422 867 4504 glossarium
882 4427 973 4489 vetus
996 4421 1029 4485 in
1044 4421 1122 4506 Maii
1143 4427 1308 4488 auctorum
1327 4427 1408 4486 tomo

306 4542 338 4583 vr
353 4542 387 4606 p·
397 4522 462 4588 530
483 4519 760 4608 koppadiaarrico.
