3110 5146
649 371 692 458 id
1161 391 1223 458 asu

117 569 352 655 msusr'purlcm
363 565 557 651 &pressais
567 586 682 644 auam,
700 561 816 627 Sentiet
827 561 901 626 aaut
911 583 1012 626 eoas:
1027 561 1225 648 libr-utipan-

117 673 196 735 dere
211 668 296 733 cocle·
307 667 388 738 Orbe
402 679 470 738 aaa
483 664 585 731 medic
597 717 605 732 .
619 682 724 748 neque
738 663 803 728 iam
826 662 875 728 bis
890 661 1102 728 consideratis
1117 682 1224 746 quem·

118 765 224 857 quam‘
237 769 308 836 lore
329 787 425 854 spero
447 768 501 853 qui
525 768 670 834 Gesnero
692 770 850 851 repugnet
871 765 905 830 in
927 763 1052 830 Horatii
1074 765 1224 851 epistula·

117 893 186 939 rum
199 894 221 955 r,
233 872 263 955 6,
271 871 312 937 51
324 869 407 950 illud
417 883 506 936 troas
515 868 658 957 pondera
670 867 813 934 dextram
822 867 992 952 Pcrrrqure
1002 866 1223 953 interpretanti

117 974 212 1040 ‘ultra
233 973 458 1039 libramentum
487 972 556 1038 sire
584 969 808 1054 aequilibrium
835 967 1005 1053 eorporis'.
1022 968 1078 1034 sed
1098 969 1226 1056 pendas

118 1076 275 1160 singulari
299 1093 432 1141 nurnero
455 1074 501 1139 ita
524 1073 587 1139 dici
611 1092 675 1138 non
703 1091 800 1158 posse
822 1071 990 1136 Turnebus
1012 1077 1096 1136 reete
1119 1071 1225 1137 obser-

118 1179 229 1262 rarit3
245 1196 310 1261 quo
332 1175 367 1241 fit
388 1183 424 1241 ut
438 1176 470 1240 iu
487 1175 626 1241 Lucretii
642 1195 737 1240 uersu
752 1176 787 1238 io
800 1173 938 1259 pondere
953 1172 1147 1239 reiciendum
1163 1174 1225 1238 sit.

204 1279 278 1346 582.
302 1279 554 1344 Vuesunurrus
588 1297 809 1342 roursrun.
832 1274 1007 1342 Verissime
1041 1276 1112 1340 Itali
1154 1277 1225 1342 Ver·

117 1382 362 1454 subuadacuu.

205 1485 279 1550 584.
304 1485 530 1549 Drrsrnrrns.
547 1482 650 1548 iidem
668 1483 917 1550 Drrrrnnnus.
942 1559 948 1572 ,

205 1585 278 1654 586.
303 1606 375 1656 cus
398 1603 551 1650 urruns.
573 1583 847 1672 Quadratasque.
871 1582 1151 1666 drantiuscuns,
1168 1581 1225 1647 sed

119 1692 206 1758 idem
227 1688 313 1754 mule
335 1687 584 1775 Drbmrbatque.
1156 1679 1160 1688 '

204 1791 278 1859 588.
302 1809 530 1854 oncrnunun.
547 1788 731 1868 Quadratus
751 1787 944 1855 caeciderat.
960 1787 1226 1872 impressionor-

118 1915 286 1960 nununr.

205 1982 277 2063 589.
301 2013 444 2060 rossua
464 1995 696 2061 Suessones.
714 1991 882 2060 corrector
903 1991 1052 2076 quadrati
1074 1997 1106 2056 et
1128 1993 1225 2058 ceteri

118 2117 283 2163 russum.
406 2117 412 2130 ·
937 2155 943 2168 ,

205 2199 279 2267 594.
300 2217 347 2263 ur
368 2219 404 2262 ru
432 2217 623 2263 nosreos.
645 2197 812 2264 (torreatur
842 2195 991 2282 quadrati
1019 2203 1051 2264 et
1072 2197 1226 2263 Marullus

118 2325 182 2370 nur
204 2315 344 2368 uestros.

207 2405 280 2471 600.
302 2403 423 2474 incur
457 2421 536 2466 sure
569 2422 736 2468 corrues
763 2423 874 2468 vuurr
907 2421 1050 2467 correus
1078 2422 1225 2466 nuruis.

118 2507 291 2574 Correotor
313 2505 444 2588 oblongi
467 2525 682 2570 ocurrere.
698 2505 755 2572 sed
772 2505 873 2593 quue
895 2505 985 2571 solus
1005 2501 1227 2570 Wakefieldus

118 2629 156 2676 se
179 2607 367 2691 intellegere
381 2605 547 2693 professus
563 2613 630 2693 est,
647 2608 780 2692 quinon
799 2607 978 2674 clarissime
999 2607 1227 2690 interpretatur

118 2713 182 2779 boe
202 2709 320 2795 modo,
336 2709 374 2776 a'd
386 2707 472 2797 quod
484 2709 717 2795 bcbtafecerr't.
733 2710 907 2776 Lambinus
922 2709 975 2774 bie
989 2715 1024 2774 ut
1039 2709 1116 2773 alibi
1133 2727 1225 2773 suum

118 2815 170 2882 Im
192 2799 336 2879 infulcit.
352 2811 447 2878 unice
469 2817 579 2896 aptum
602 2817 651 2902 est
666 2813 818 2898 Aucus,
835 2831 930 2896 quam
947 2809 1107 2877 scribendi
1129 2810 1226 2875 ratio-

117 2937 193 2983 nem
214 2913 365 2980 librarius
389 2913 520 2996 oblongi
548 2933 723 2997 numquam
748 2913 900 2991 admisit,
915 2913 1108 2996 aliquotiens
1130 2911 1227 2977 babet

118 3015 316 3103 quadratus,
332 3016 364 3080 in
386 3037 421 3099 rr,
434 3015 495 3082 881
511 3015 574 3082 918
592 3016 675 3082 1119
692 3015 775 3080 1128
796 3037 842 3100 ιιι,
856 3016 897 3082 29
912 3015 995 3082 284.

206 3118 279 3186 604.
302 3119 470 3186 Sueurrn
484 3139 528 3181 er
543 3138 644 3183 nuuc
667 3137 856 3182 snruuuuu
879 3137 1033 3190 cunnum
1054 3137 1100 3181 nn
1115 3137 1227 3180 runrr

117 3241 299 3288 rrrronrs.
322 3222 447 3286 Purra
469 3221 673 3288 scribendum
696 3241 768 3288 csse
789 3219 871 3287 vidit
893 3225 1053 3288 corrector
1074 3219 1226 3304 oblongi3

116 3326 150 3391 iu
175 3345 239 3408 quo
262 3330 332 3390 erat
352 3323 458 3410 prima
485 3343 582 3390 mauu
604 3323 717 3390 Subdiu
739 3337 767 3389 el
788 3325 869 3390 boue
880 3373 889 3408 ,
905 3323 991 3408 quod
1015 3323 1173 3389 Antonius
1196 3329 1228 3388 et

117 3427 279 3495 Aventius
306 3445 432 3511 quoque
458 3425 636 3512 dederunt,
657 3445 728 3492 cum
753 3426 831 3492 clim
858 3425 1006 3511 impressi
1033 3423 1226 3510 quadratum

116 3537 151 3596 et
173 3535 384 3596 correctorem
407 3527 540 3612 oblongi
563 3535 757 3613 sequantur.
778 3527 925 3596 Scodrae
946 3529 1027 3594 bane
1050 3527 1226 3594 Marullus.

117 3633 181 3699 boe
202 3631 379 3698 Lambinus
407 3649 479 3696 oum
505 3632 620 3698 ceteris
647 3631 726 3697 nibil
757 3631 889 3696 miratus
911 3629 1113 3713 transmittit,
1131 3629 1227 3713 idque

116 3735 150 3799 in
175 3734 281 3800 lenica
302 3737 465 3820 receptum
488 3738 536 3798 est
558 3739 721 3817 tamquam
744 3733 1014 3817 frequentativum
1036 3731 1142 3798 media
1163 3732 1228 3818 syl·

116 3836 196 3904 laba
218 3841 419 3902 truncatum.
436 3832 657 3902 Wakefieldus
680 3835 841 3918 glossario
856 3839 964 3900 vetere
983 3834 1068 3901 male
1082 3855 1158 3900 usus
1174 3833 1227 3899 de-

116 3939 189 4004 buit
211 3943 298 4004 eerle
320 3957 360 4004 ex
383 3957 421 4004 eo
444 3937 554 4032 omnia
575 3955 762 4022 apponere,
780 3944 815 4002 ut
836 3941 1010 4021 appareret
1024 3956 1065 4002 ea
1085 3936 1148 4002 huc
1161 3955 1227 4002 nou

118 4039 302 4126 pertinere.
318 4046 393 4105 sunt
403 4046 509 4106 autem
521 4039 616 4106 buius
629 4038 733 4106 modi.
750 4035 973 4127 tragoedum,
989 4037 1131 4104 subdotus
1143 4037 1227 4122 (oab-

117 4142 206 4226 tue)‚
226 4142 435 4228 pignerum,
457 4141 625 4208 subditae.
653 4137 911 4230 irexvpruupaig,
940 4141 1131 4227 claritateac,
1156 4141 1226 4205 aab·

117 4243 237 4310 dilucio
247 4292 256 4326 ,
268 4245 475 4332 pepereram,
491 4244 678 4330 eluriqata'o.
695 4239 913 4333 ἕνεχυριᾶζω,
929 4244 1071 4329 olariqo,
1086 4241 1225 4323 subdcta,

113 4347 250 4434 prquam
261 4395 270 4428 ‚
281 4346 438 4434 pr'paorc.
457 4365 541 4429 quae
563 4353 599 4412 ut
614 4345 718 4413 lateor
733 4367 784 4414 me
805 4368 870 4414 nou
885 4344 1094 4429 intellegere,
1111 4344 1157 4408 ita
1171 4341 1226 4406 ad-

117 4446 247 4513 firmare
268 4467 398 4532 possum
421 4468 443 4514 a
464 4448 613 4514 Lucretio
636 4467 709 4516 esse
731 4448 845 4517 Subdr't
866 4469 993 4512 innuo
1016 4445 1195 4512 stimulam.
