2996 5148
359 425 419 488 198
910 413 936 476 V

359 587 500 654 horribili
525 586 631 652 sonitu
654 584 753 650 silvas
778 583 933 649 exederat
954 583 1028 650 altis

360 702 402 767 ab
426 701 589 768 radicibus
612 705 643 765 et
666 707 779 764 terrem
803 705 991 784 percoxerat
1013 697 1100 782 igni,

277 795 343 886 reis
361 817 513 882 manabat
535 817 624 882 venis
647 813 846 881 ferventibus
868 813 901 878 in
924 813 996 878 loca
1018 821 1125 880 terrae

361 951 504 998 concava
527 929 722 997 conveniens
744 927 870 1010 argenti
892 928 977 994 rivus
1000 935 1032 994 et
1054 930 1144 1004 auri,

363 1047 448 1112 acris
470 1049 544 1111 item
568 1053 599 1109 et
620 1043 762 1129 plumbi.
780 1059 864 1125 quae
888 1061 959 1105 curn
982 1053 1131 1108 concreta
1154 1043 1314 1109 videbant

363 1163 523 1246 posterius
546 1161 634 1225 claro
658 1159 691 1222 in
714 1165 797 1222 terra
821 1156 994 1242 splendere
1018 1158 1145 1242 colore,

361 1275 517 1340 tollebant
539 1273 639 1338 nitido
662 1273 747 1357 capti
769 1273 896 1354 levique
918 1273 1051 1357 lepore,

280 1413 346 1460 runo
363 1399 395 1457 ct
417 1391 512 1456 simili
535 1391 669 1456 formata
692 1387 844 1454 videbant
867 1405 939 1452 esse
962 1385 1062 1470 ligura

363 1513 459 1589 atque
482 1506 668 1571 lacunarum
692 1503 815 1570 luerent
837 1503 973 1586 vestigia
995 1503 1131 1586 cuique.

365 1631 429 1686 tum
452 1622 644 1707 penetrabat
668 1639 725 1686 eos
747 1640 843 1705 posse
866 1619 947 1684 hneo
968 1619 1145 1700 liquefacta
1168 1619 1280 1684 calore

364 1757 460 1820 quarn
482 1736 562 1802 libet
584 1711 777 1802 in'lornram
800 1742 833 1800 et
854 1735 970 1802 facicm
993 1735 1161 1800 decurrere
1184 1752 1317 1818 rerum,

364 1859 396 1917 et
418 1873 564 1936 prorsum
589 1850 736 1933 quamvis
757 1851 791 1914 in
813 1855 907 1916 acuta
929 1869 969 1916 ec
991 1850 1101 1915 tenvia
1123 1868 1220 1932 posse

281 1987 348 2034 recu
365 1963 551 2032 mucronum
574 1964 647 2030 duci
670 1963 803 2047 fastigia
824 1963 1054 2050 procudenda,

364 2088 398 2146 ut
421 2081 480 2146 sibi
504 2081 570 2146 tela
592 2081 728 2157 darent,
745 2079 909 2162 silvasque
931 2087 965 2144 ut
987 2081 1124 2146 caedere
1149 2089 1289 2166 possent

366 2198 594 2280 materiemque
618 2196 733 2280 domo,
749 2197 859 2261 levare
882 2215 922 2262 ec
945 2195 1060 2261 radere
1083 2195 1171 2280 tigne

366 2321 396 2378 et
417 2313 579 2378 terebrare
602 2313 699 2378 etiarn
721 2333 760 2378 ac
782 2311 972 2395 pertundere
994 2331 1116 2397 perque
1139 2311 1270 2378 forare.

368 2448 425 2492 neo
448 2427 552 2492 minus
575 2433 710 2508 argento
731 2427 835 2492 lacere
859 2425 940 2492 baec
963 2447 1105 2509 auroque
1126 2427 1293 2512 parabant

284 2565 350 2611 runo
367 2563 462 2625 quarn
485 2541 583 2606 velidi
606 2542 742 2628 primurn
765 2542 914 2610 violentis
935 2541 1056 2608 viribus
1079 2543 1183 2618 aeris,

367 2677 407 2724 ne
430 2660 603 2742 quiquam,
620 2659 772 2742 quoniam
796 2659 932 2725 redebet
952 2660 1037 2726 victa
1059 2665 1202 2746 potestas

366 2795 425 2840 nec
448 2781 573 2860 poterat
594 2775 715 2860 pariter
737 2775 851 2840 durum
874 2775 1007 2844 sufferre
1030 2775 1194 2841 laborem.

367 2895 434 2954 tum
457 2889 517 2954 luit
538 2891 569 2954 in
593 2890 697 2976 pretio
720 2891 825 2976 magis
849 2911 925 2966 aes,
941 2909 1119 2973 aurumque
1142 2889 1269 2956 innobet

367 3013 496 3092 propter
517 3007 717 3074 inutilitatem
741 3008 848 3074 hebeti
872 3027 1023 3074 mucrone
1045 3015 1207 3074 retusum:

285 3144 350 3191 raro
367 3143 452 3189 nunc
475 3123 560 3190 iacet
582 3142 659 3207 aee,
676 3143 787 3188 eurum
810 3125 843 3188 in
867 3143 1024 3189 summurn
1046 3123 1200 3189 successit
1223 3124 1401 3193 bonorem.
1482 3141 1483 3160 ¹

367 3239 414 3305 sic
434 3239 594 3306 volvenda
616 3245 708 3304 actes
732 3245 903 3304 commutet
924 3247 1069 3325 tempora
1091 3258 1217 3304 rerunr.

370 3355 455 3436 quod
478 3354 537 3418 luit
559 3355 591 3417 in
615 3353 737 3437 pretio,
755 3353 789 3416 lit
809 3354 898 3420 nullo
921 3353 1060 3436 denique
1080 3353 1223 3418 bonore:

366 3489 462 3552 porro
486 3469 566 3534 aliut
588 3467 734 3534 succedit
755 3473 787 3532 et
809 3487 828 3533 e
849 3469 1082 3552 contemptibus
1104 3469 1188 3544 exit,

367 3584 464 3665 inque
487 3583 557 3648 dics
579 3583 684 3664 magis
708 3581 871 3667 adpetitur
892 3583 1045 3666 floretque
1068 3591 1226 3668 repertum

286 3717 354 3764 1280
371 3697 520 3764 laudibus
543 3704 574 3762 et
597 3699 676 3764 miro
699 3703 749 3764 est
771 3698 916 3764 mortalis
938 3699 1022 3764 inter
1044 3699 1185 3764 bonore.

407 3814 499 3880 Nunc
522 3814 577 3878 tibi
602 3833 664 3897 quo
687 3821 783 3897 pacto
807 3813 881 3878 lerri
906 3821 1018 3880 natura
1039 3819 1167 3899 reperta

368 3927 409 3994 sit
431 3927 558 3996 facilest
579 3929 641 4012 ipsi
662 3947 722 4014 per
741 3934 774 3993 to
796 3947 1014 4014 cognoscere,
1031 3927 1178 3996 Memmi.

372 4231 439 4280 1263
458 4231 557 4280 sonitus
577 4229 589 4296 Η
612 4235 678 4280 1254
697 4233 720 4282 Α
742 4229 755 4299 Η
779 4236 844 4284 libb
864 4235 932 4284 venit
952 4233 964 4300 Η
988 4237 1054 4286 1258
1073 4244 1151 4284 terres
1172 4229 1185 4300 Η
1208 4235 1276 4284 1259
1296 4237 1376 4300 cupiti
1396 4236 1407 4300 Η
1426 4233 1470 4280 livi*

370 4317 473 4367 ridebat
496 4317 510 4384 Η
539 4321 604 4368 1266
624 4331 713 4384 parcnt
733 4320 746 4386 Η
766 4329 791 4370 et
811 4321 824 4386 Η
845 4323 957 4396 possint.
978 4319 990 4390 Η
1015 4325 1079 4372 1267
1100 4321 1198 4370 doleret
1217 4321 1302 4372 levore
1328 4321 1342 4392 Η
1370 4325 1470 4381 llitp*

370 4413 454 4458 terant
473 4403 491 4474 Η
508 4408 574 4456 1273
588 4405 654 4456 Nam
667 4407 703 4456 lui
719 4405 732 4474 Η
746 4423 788 4458 ecs
801 4409 941 4460 omissum.
957 4405 969 4477 Η
987 4411 1053 4459 1278
1066 4425 1080 4459 e
1093 4409 1232 4460 omissum.
1248 4409 1262 4478 Η
1279 4413 1348 4462 1280
1361 4407 1471 4463 Clondibtr
