3036 5150
320 367 380 436 108
855 367 889 432 II

317 541 505 606 marrrr'crrlor
518 587 527 622 ,
550 533 769 622 ιεχνάζομαι,
794 537 879 603 idem
908 557 926 602 e
954 537 1076 624 Cyriilo
1100 532 1272 626 πειράζω,
1295 553 1418 627 templo,

318 645 482 710 maneatur
498 641 607 724 (debet
623 648 730 709 autem
745 661 816 708 esse
832 640 1033 727 mamr‘oulor)
1048 663 1055 706 ε
1072 642 1181 726 itaque
1193 641 1309 709 Festus
1320 663 1351 728 p.
1366 642 1419 708 133

313 757 424 830 politae
447 747 550 830 iuquit
565 771 628 835 pro
651 747 756 812 dolosa
778 743 859 830 quid
879 747 1001 830 aysndo
1022 745 1077 808 usi
1095 758 1168 809 aunt
1189 769 1223 812 oo
1246 747 1365 812 carbo.
1392 751 1421 809 ct

319 868 513 932 quamquam
536 850 604 916 scio
626 852 659 916 in
683 846 852 933 glossariis
868 845 964 929 Maii,
986 854 1162 930 quaesunt
1183 848 1218 913 in
1234 853 1321 914 tomo
1335 853 1419 912 sexto

319 957 484 1017 auctorum
500 953 725 1034 classicorum,
742 971 773 1034 p.
786 949 850 1015 533
860 949 924 1014 566
938 951 1147 1016 manu'ontrra
1162 951 1261 1034 paulo
1277 950 1421 1036 pinguius

319 1051 363 1116 ica
386 1055 504 1138 exponi
524 1062 558 1120 ut
573 1053 697 1120 dicatur
720 1071 793 1119 esse
806 1050 972 1137 fraudare
993 1053 1044 1118 val
1054 1054 1177 1138 fura-rc
1198 1054 1250 1119 aad
1259 1054 1354 1140 farto
1375 1051 1420 1118 da·

318 1158 441 1242 cinae,
464 1158 539 1223 item
555 1157 586 1221 in
604 1155 718 1222 eodem
734 1155 789 1220 illo
806 1151 893 1238 apud
911 1153 1096 1224 Labbaeum
1120 1156 1321 1222 onomastico
1341 1179 1421 1220 man-

318 1259 506 1344 tr'aularius,
529 1257 692 1346 κλέπτης,
716 1277 810 1342 quem
833 1254 1006 1322 admodum
1031 1257 1144 1323 Festus
1166 1277 1296 1341 quoque
1317 1259 1421 1323 rnarm'-

277 1371 281 1382 '
318 1361 426 1426 calari
438 1361 622 1426 dr'cabantur
637 1361 741 1445 iuquit
756 1361 815 1447 quc'
820 1358 970 1445 furandi
982 1361 1093 1446 pratia
1111 1361 1303 1426 nrantrbulaa
1322 1373 1421 1424 altrea·

320 1465 447 1545 tabant,
471 1464 569 1528 nihilo
592 1464 696 1528 minus
720 1463 780 1526 lroc
800 1460 992 1527 vocabulum
1015 1483 1036 1528 a
1057 1461 1216 1545 dignitate
1239 1463 1335 1528 lruius
1356 1467 1422 1547 pod-

319 1565 412 1632 matis
435 1566 576 1632 alienum
599 1565 702 1632 rideri
725 1585 790 1630 non
813 1563 932 1647 debet,
957 1584 1029 1630 cum
1053 1566 1168 1632 Festus
1190 1583 1228 1630 eo
1253 1565 1421 1631 Pacuvium

319 1669 351 1732 in
375 1668 554 1752 tragoediis
577 1689 671 1736 nsum
693 1687 765 1734 csse
780 1672 934 1750 tcstctur;
954 1668 1044 1734 cuins
1066 1667 1131 1734 duo
1155 1688 1267 1734 vorsus
1289 1667 1422 1735 schedae

319 1772 487 1856 Pomponii
499 1771 591 1837 Laeti
607 1772 767 1838 nonsatis
783 1772 926 1853 integros
941 1769 1113 1854 exhibent,
1130 1771 1194 1836 duo
1209 1771 1332 1836 nullam
1348 1767 1421 1834 dilli-

319 1875 469 1941 cultatem
493 1874 635 1958 habeut,
652 1895 733 1957 quos
756 1873 877 1939 subieci
894 1921 901 1936 .
918 1871 974 1936 Ad
986 1871 1257 1938 marcticulandum
1279 1887 1353 1938 actu
1373 1897 1420 1957 ap-

315 1977 485 2064 predr'tur:
514 1979 572 2042 aad
595 1979 677 2043 enirn
699 1976 780 2063 quid
795 1976 1009 2062 promeruerit
1031 2021 1039 2038 .
1062 1975 1247 2061 Apyradr'ar
1268 1989 1342 2040 actu
1362 1998 1421 2040 rem

318 2079 472 2164 (schedae
494 2079 634 2167 repom:
656 2078 927 2144 manticulandum
950 2089 995 2142 eat
1016 2077 1098 2142 milri
1110 2125 1118 2141 .

403 2182 475 2248 553.
501 2179 1420 2264 rnnnsrns,unvanus,Anrsnuss,rnouan.Qua·
1512 2175 1513 2208 ³

320 2283 431 2350 drutus
451 2309 598 2372 prorem:
621 2289 781 2350 corrector
796 2281 947 2366 oblongi,
965 2281 1102 2348 fortasse
1123 2301 1188 2347 nou
1204 2282 1257 2348 illc
1272 2282 1421 2367 antiquis·

319 2387 438 2470 simus,
456 2409 606 2451 rnosnu
620 2435 627 2450 .
643 2387 731 2472 apud
746 2387 886 2452 Nonium
902 2405 934 2470 p.
947 2385 1020 2470 200,
1033 2385 1074 2450 33
1094 2385 1128 2450 in
1149 2403 1243 2450 versu
1260 2385 1338 2450 Attii
1355 2407 1421 2472 pro

319 2493 380 2555 rim
403 2491 472 2556 sive
489 2515 642 2577 prorem.
666 2490 700 2555 iu
728 2488 791 2554 fine
814 2507 928 2554 versus
956 2487 1073 2571 prioris
1096 2493 1254 2553 corrector
1276 2486 1420 2571 quadrati
1512 2477 1513 2509 ¹

319 2617 490 2678 cavernas,
515 2593 641 2677 inepte,
665 2592 758 2676 qnasi
780 2591 853 2674 quis
876 2596 932 2656 aut
947 2589 1106 2656 foramina
1128 2595 1240 2656 natare
1263 2590 1348 2656 dicat
1370 2594 1422 2654 aut

319 2702 507 2760 curvaturas
528 2701 706 2761 costarum:
731 2712 805 2758 nam
827 2693 914 2778 quod
936 2692 1034 2758 habet
1047 2689 1179 2758 Servius
1202 2691 1244 2758 ad
1261 2691 1420 2758 Aeneidos

319 2819 351 2881 ιι,
367 2799 425 2882 19,
442 2798 505 2862 alii
517 2798 620 2880 simios
642 2821 753 2862 aurcos
775 2798 904 2862 naucum
915 2845 924 2878 ,
948 2797 1062 2882 quibus
1085 2797 1280 2862 marsnam
1302 2796 1421 2860 tabulas

319 2900 521 2987 adfiguntur,
544 2925 696 2966 cavernas
718 2899 940 2986 appellarunt,
968 2897 1001 2962 id
1031 2897 1077 2962 ita
1104 2897 1257 2963 ulmodo
1281 2896 1419 2964 dicebam

319 3001 571 3086 intellegendum
587 3009 635 3068 est
651 3051 658 3065 .
675 3001 833 3066 Antonius
849 2999 942 3065 illarii
958 3007 991 3066 et
1002 2999 1155 3066 Marullus
1170 3003 1333 3082 namnam,
1348 2999 1418 3066 olim

319 3105 466 3190 impressi
489 3107 641 3170 carinas.
664 3105 839 3170 Lambinus
862 3103 1030 3170 verissime
1053 3123 1248 3188 cassans,
1271 3109 1306 3170 ut
1326 3103 1358 3168 in
1378 3122 1418 3183 rr,

318 3207 382 3274 439
404 3221 432 3272 ct
454 3221 539 3272 recta
561 3233 695 3294 superna
715 3207 880 3294 paderna.

403 3309 477 3376 555.
501 3331 729 3373 scurranum
753 3313 950 3372 rn'susrna
964 3355 971 3372 .
985 3305 1039 3372 Sic
1054 3306 1232 3390 oblongus:
1251 3305 1416 3390 quadratus

319 3414 390 3478 sine
412 3418 489 3477 nuta
507 3413 678 3498 plaustra.
701 3411 859 3476 Marullus
882 3431 1099 3474 nnnusrnn.

403 3515 478 3580 559.
501 3535 653 3578 ruscrnr
675 3535 860 3578 ranuncrn
882 3512 1414 3597 rour1.Haecverba,quaere
1511 3525 1512 3540 ¹

320 3623 449 3683 currunt
471 3617 502 3680 in
527 3638 555 3700 v,
575 3617 677 3702 1004,
695 3617 885 3702 interpretes
901 3616 1036 3699 Vergilii
1052 3616 1256 3682 veronenses
1278 3613 1414 3680 exhibant

319 3719 362 3785 ad
389 3717 552 3786 Aeneidos
574 3741 607 3802 u,
624 3722 685 3803 903
713 3719 769 3785 ubi
796 3738 858 3803 qno
889 3719 958 3784 iuro
973 3717 1143 3784 uernans
1170 3718 1295 3783 Keilins
1321 3715 1413 3802 potius
1511 3705 1512 3724 ¹

320 3823 385 3886 Noc
404 3834 527 3908 poterat
548 3847 734 3908 quam-quam
761 3819 925 3887 addiderit
951 3839 1046 3903 quam
1070 3819 1210 3886 Subdola
1232 3843 1302 3886 cum
1323 3815 1413 3893 sada,

320 3921 427 3989 diacre
451 3943 514 3988 non
537 3945 693 4008 possum.
717 3931 826 3990 nostro
849 3940 945 3988 versu
969 3919 1190 4007 Philargyrius
1214 3941 1291 3989 usus
1313 3927 1359 3986 est
1377 3915 1413 3983 ad

319 4044 429 4107 georg.
452 4026 595 4110 1v,443;
619 4026 705 4112 apud
732 4047 825 4110 quem
844 4025 974 4113 penulas
996 4022 1113 4106 legitur
1135 4043 1193 4108 pro
1213 4023 1352 4112 placidi.

405 4127 479 4193 560.
503 4149 535 4190 ει
557 4151 748 4196 narrum.
765 4130 932 4196 Oorrector
947 4123 1098 4209 quadrati
1114 4131 1146 4192 et
1162 4126 1309 4212 impressi
1323 4125 1353 4189 ri
1368 4142 1413 4184 sr-

319 4249 407 4292 nrrn
423 4277 431 4294 .
448 4229 480 4293 in
502 4232 659 4315 proximis
682 4251 753 4297 cum
776 4249 904 4296 vorsum
927 4229 1019 4294 cuius
1043 4227 1168 4292 initium
1191 4235 1241 4294 est
1255 4229 1319 4294 Nea
1333 4245 1412 4290 rensc

319 4333 443 4396 morari
468 4333 535 4415 (sic
561 4334 645 4400 enim
673 4334 718 4400 ibi
740 4333 893 4418 scriptum
922 4331 990 4416 est)
1022 4329 1201 4413 quadratus
1229 4329 1412 4396 hebetante

319 4433 501 4520 Numquam
525 4438 558 4501 in
580 4437 769 4502 concilium.-
791 4433 849 4500 sed
872 4433 1052 4517 oblongus,
1075 4433 1190 4516 nequis
1205 4433 1412 4511 uarercanpo

320 4535 449 4620 credat,
473 4558 536 4604 non
559 4544 693 4624 peccat.
