3020 5146
899 427 926 490 V

353 619 449 682 quare
473 598 568 663 etiam
593 597 753 680 quaedam
777 617 860 662 nunc
883 604 968 687 artes
991 599 1214 682 expoliuntur,

352 733 436 780 3333
458 713 553 778 etiam
577 719 774 796 augescunt:
792 731 876 776 3333
898 711 1011 776 addito
1034 711 1172 794 navigiis
1195 717 1270 776 sunt

352 828 473 911 multa,
490 826 585 892 modo
610 825 753 908 organici
775 825 907 890 melicos
929 843 1084 910 peperere
1107 845 1261 904 sonores,

279 963 329 1011 335
354 942 491 1024 11331333
513 945 628 1005 natura
650 939 730 1006 haec
754 961 857 1004 rerum
881 940 1024 1022 ratioque
1047 945 1205 1024 repertast

352 1076 474 1140 nuper,
491 1061 523 1120 ct
544 1054 628 1118 bane
650 1054 771 1137 primus
794 1075 864 1118 eum
887 1053 999 1137 primis
1021 1053 1091 1138 ipse
1112 1061 1259 1139 repertus

353 1190 436 1235 nune
459 1189 519 1253 ego
542 1189 611 1234 sum
634 1168 665 1232 in
688 1167 811 1251 patrias
833 1167 885 1249 331
910 1165 1029 1251 possim
1052 1173 1174 1234 vertere
1197 1189 1317 1235 voces.

354 1283 441 1366 quod
464 1284 490 1348 si
513 1281 594 1346 forte
617 1281 716 1348 luisse
739 1287 813 1348 ante
835 1281 896 1348 bac
920 1280 1032 1348 eadem
1057 1283 1164 1348 omnia
1186 1283 1316 1364 credis,

353 1397 409 1465 sed
432 1397 566 1482 periisse
589 1395 751 1461 bominum
775 1395 906 1462 torrenti
930 1373 1038 1462 saecla
1060 1417 1203 1482 vapore,

279 1535 330 1583 ³40
356 1519 412 1578 aut
434 1510 587 1578 eccidisse
609 1511 696 1576 urbis
719 1531 837 1595 magno
860 1510 1028 1576 vexamine
1051 1511 1180 1595 mundi,

354 1633 409 1693 aut
431 1645 471 1691 ex
494 1624 647 1690 imbribus
670 1624 815 1691 adsiduis
837 1625 943 1690 exisse
965 1643 1103 1709 rapaces

351 1762 410 1828 per
431 1747 535 1808 terras
557 1759 669 1805 amnes
691 1747 787 1821 atquc
811 1739 932 1822 oppida
954 1740 1181 1825 cooperuisse,

352 1861 442 1920 tanto
466 1854 586 1936 331333
608 1855 712 1938 magis
734 1853 836 1918 victus
860 1853 984 1920 fateare
1007 1863 1168 1922 necessest

352 1971 481 2036 exitium
506 1987 633 2050 333333
656 1975 810 2034 terrarum
833 1968 980 2049 caelique
1003 1967 1162 2034 futurum:

245 2137 248 2144 .
278 2107 328 2156 345
354 2105 429 2150 nam
453 2103 523 2149 eum
548 2103 599 2148 rcs
621 2084 719 2148 tantis
741 2083 861 2148 morbis
884 2083 1045 2166 tantisque
1067 2083 1196 2168 periclis

352 2203 600 2282 temperentur,
616 2197 661 2260 ibi
685 2197 712 2262 si
735 2196 854 2262 tristior
877 2196 1073 2264 incubuisset

355 2333 474 2396 cansa,
490 2310 605 2376 darent
626 2311 693 2377 lale
717 2307 842 2377 cladem
866 2331 1065 2394 magnasque
1088 2315 1217 2381 ruinas.

354 2447 412 2494 nec
435 2426 557 2492 ratione
580 2426 645 2490 alia
668 2427 818 2491 mortales
841 2447 912 2492 csse
934 2427 1099 2512 videmur,

352 2542 513 2608 internos
536 2540 597 2606 nisi
620 2542 705 2624 quod
727 2541 846 2606 morbis
869 2541 1089 2623 aegrescimus
1110 2543 1198 2608 idem

278 2681 329 2728 353
355 2667 451 2741 atque
473 2658 519 2723 illi
542 2679 622 2741 3333
644 2679 664 2722 3
685 2657 753 2722 vita
776 2663 890 2722 natura
911 2656 1065 2722 removit.

392 2773 563 2840 Praeterea
586 2792 670 2856 quae
692 2791 828 2854 cumque
852 2779 981 2836 manent
1002 2777 1133 2838 aeterna
1155 2785 1335 2844 necessust

352 2895 427 2968 aut,
444 2889 520 2972 quia
542 2895 616 2954 sunt
639 2887 743 2954 solido
767 2907 837 2952 eum
861 2904 1014 2970 corpore,
1031 2905 1182 2971 respuere
1204 2889 1288 2956 ictus

354 3025 414 3070 nec
436 3011 604 3090 penetrare
627 3005 693 3090 pati
716 3003 776 3069 sibi
799 3001 968 3084 quiequam
993 3001 1078 3084 quod
1102 3009 1199 3084 queat
1220 3011 1314 3072 artas

353 3120 529 3186 dissociare
551 3119 636 3184 intus
658 3119 779 3204 partis,
796 3123 831 3182 ut
852 3117 998 3182 materiai

280 3257 330 3304 355
356 3255 490 3318 corpora
513 3241 606 3312 sunt,
623 3254 757 3316 qnorum
779 3238 924 3296 naturam
949 3231 1147 3298 ostendimus
1167 3241 1263 3312 ante,

352 3353 408 3412 aut
429 3347 502 3413 ideo
526 3348 644 3415 durare
667 3354 807 3414 aetatem
830 3365 926 3432 posse
948 3366 1006 3430 per
1028 3365 1175 3428 omnem,

353 3463 521 3548 plagarum
545 3465 621 3546 quia
643 3470 718 3530 sunt
739 3461 905 3547 expertia,
922 3459 1002 3526 sieut
1023 3459 1120 3526 inane
1142 3468 1212 3544 est,
1374 3546 1377 3550 ,

353 3577 439 3660 quod
463 3584 570 3642 manet
591 3578 744 3644 intactum
767 3597 871 3660 neque
894 3576 937 3641 ab
959 3575 1023 3640 ictu
1044 3575 1187 3658 fungitur
1210 3575 1338 3658 hilum,
1422 3587 1449 3636 ο

357 3699 412 3756 331
434 3692 528 3758 ctiam
553 3692 630 3774 quia
652 3692 741 3757 nulla
763 3691 824 3756 loci
847 3691 882 3756 lit
904 3689 997 3774 eopia
1018 3688 1156 3774 circum,

280 3829 330 3876 seo
355 3829 417 3892 quo
440 3807 530 3890 quasi
552 3825 603 3873 res
625 3808 749 3892 possint
771 3805 937 3872 discedere
961 3804 1179 3888 disseminas,

354 3923 435 3988 sieut
456 3941 650 3988 summarum
673 3941 798 3988 summa
821 3925 869 3986 331
892 3926 1042 4003 aeterna,
1060 3939 1163 4002 neque
1185 3925 1278 3987 extra

354 4038 407 4120 331
430 4037 519 4103 13333
543 4043 676 4119 331333
699 4037 880 4114 dissiliant,
897 4055 1001 4118 neque
1023 4053 1159 4120 corpora
1182 4043 1256 4101 sunt
1279 4057 1372 4122 quac

353 4151 478 4236 possint
499 4151 639 4218 incidere
662 4157 694 4217 ct
716 4151 824 4218 valida
847 4149 1022 4218 dissolvere
1043 4149 1163 4236 plaga.

355 4309 554 4318 ----—.-..-

357 4397 407 4447 339
427 4397 519 4461 perisse
540 4395 553 4463 ΙΙ
574 4399 624 4446 342
644 4405 670 4446 at
691 4393 825 4462 11339311
