3020 5146
575 447 602 511 V

56 631 113 674 nam
135 631 208 694 quae
229 632 360 694 eumque
383 614 473 680 vides
494 618 579 682 vesei
603 617 752 683 vitalibus
775 622 880 705 auris,

55 730 98 788 aut
117 724 200 790 dolus
221 734 273 792 aut
295 729 394 794 virtus
418 737 472 794 ant
494 730 632 814 denique
656 733 816 800 mobilitas
840 745 888 802 est

56 854 86 898 er
104 837 220 905 ineunte
241 861 319 908 aevo
342 861 445 924 genus
467 843 499 908 id
522 851 623 911 tutata
645 866 831 914 reservans:

58 950 192 1034 multaque
214 961 303 1040 sunt,
322 957 415 1024 nobie
437 977 477 1023 ex
499 959 635 1025 utilitate
660 983 717 1026 sue
740 983 823 1044 quae

58 1067 248 1132 commendate
270 1076 418 1152 manent,
435 1071 554 1137 tutelae
577 1073 696 1140 tradita
719 1085 865 1144 nostrae.

57 1179 185 1264 principio
205 1203 306 1264 genus
330 1203 404 1248 sere
427 1185 554 1250 leonum
577 1209 739 1272 saevaque
763 1195 872 1260 saecla

56 1299 161 1358 tutatast
180 1297 297 1374 virtus,
314 1297 425 1382 volpes
448 1299 560 1385 dolus,
578 1309 610 1366 et
632 1302 707 1388 suga
730 1326 860 1372 cervos.

54 1409 78 1465 at
94 1405 251 1474 levisomna
273 1430 387 1474 eanum
411 1412 473 1478 tido
498 1433 568 1478 oum
590 1423 720 1498 pectore
743 1420 858 1505 eorda,

54 1525 76 1580 et
92 1539 179 1598 genus
201 1543 291 1589 omne
316 1525 404 1606 qued
427 1532 474 1590 est
496 1529 636 1594 veterino
660 1531 781 1598 semine
804 1543 952 1618 partum,

53 1631 248 1720 lanigeraeque
270 1640 366 1704 simul
389 1641 530 1726 pecudes
554 1641 584 1708 el
607 1645 728 1709 bueera
750 1649 861 1714 saeela

52 1749 135 1812 omnis
156 1760 224 1816 sunt
246 1751 410 1818 hominum
432 1757 551 1822 tutelae
574 1760 710 1844 tradita,
726 1762 874 1829 Memmi:

51 1877 107 1922 nam
127 1866 235 1950 eupide
256 1868 370 1950 fugere
393 1871 498 1954 feras,
516 1893 691 1956 pacemque
714 1885 825 1942 secuta

52 1983 104 2036 sunt
122 1985 148 2041 et
168 1981 254 2066 larga
279 2003 337 2048 suo
360 1985 429 2050 sine
451 1985 572 2068 pabula
594 1995 686 2072 parta
708 1989 839 2076 labore,

53 2106 112 2164 quae
131 2093 235 2161 (lamus
259 2098 406 2163 utilitatis
428 2117 536 2164 eorum
561 2103 704 2185 praemia
727 2125 844 2173 carrea.

55 2213 75 2260 tt
90 2206 145 2284 quis
165 2210 208 2274 nil
228 2210 345 2276 horum
369 2201 479 2277 triduit
502 2223 634 2300 natura,
652 2237 711 2284 nee
733 2221 805 2303 ipsa

58 2330 132 2397 sponte
153 2345 209 2389 sua
230 2335 368 2410 possent
391 2335 424 2392 ut
449 2331 554 2396 vivere
578 2353 635 2398 nee
659 2333 737 2400 dere
761 2337 852 2402 nobis

59 2431 182 2502 utilitatem
204 2441 347 2524 aliquam
362 2493 370 2528 ,
388 2465 486 2526 quare
509 2455 691 2529 pateremur
714 2470 822 2514 eorum

54 2551 176 2624 praesidio
195 2562 308 2620 nostro
331 2559 421 2641 pasei
445 2579 548 2640 genus
570 2581 707 2644 esseque
729 2571 850 2650 tutum,

51 2661 158 2736 seilicet.
174 2668 254 2736 haee
279 2671 355 2736 aliis
378 2673 520 2755 praedae
544 2675 694 2760 luoroque
716 2678 865 2746 iacebant

49 2770 200 2862 indupedita
223 2787 292 2850 suis
314 2784 466 2853 fatalibus
489 2790 595 2855 omnia
618 2792 749 2870 vinulis,

48 2885 124 2958 donee
143 2897 181 2962 ad
204 2898 368 2967 interitum
390 2923 493 2989 genus
516 2904 547 2968 id
571 2911 685 2968 natura
706 2909 849 2988 redegit.

73 3007 123 3076 teu
144 3034 242 3099 neque
265 3018 417 3083 Centauri
439 3018 585 3096 suerunt,
602 3039 662 3085 neo
684 3029 828 3105 tempore
851 3025 883 3088 in
907 3025 972 3089 ullo

45 3139 96 3188 esse
114 3139 224 3210 queunt
246 3133 367 3218 duplici
392 3139 507 3200 natura
532 3141 564 3200 et
587 3155 720 3220 eorpore
742 3137 818 3202 bino

45 3253 71 3299 er
89 3242 265 3329 alienigenis
290 3249 439 3313 membris
462 3256 649 3334 compacta,
667 3257 811 3334 potestas

46 3345 98 3418 line
116 3358 197 3426 illine
219 3362 320 3447 partis
342 3369 376 3426 ut
398 3363 425 3428 si
447 3385 507 3448 par
530 3383 603 3431 esse
626 3367 771 3451 potissit.

45 3461 68 3527 id
86 3469 146 3538 lieet
166 3475 238 3544 hine
261 3477 409 3560 quamvis
432 3479 538 3544 hebeti
561 3499 756 3562 eognoeeere
779 3483 895 3548 eorde.

45 3580 169 3670 prinoipio
192 3591 308 3656 eironm
331 3592 432 3658 tribus
454 3593 534 3658 aetia
555 3593 691 3678 impiger
713 3597 805 3662 annis

45 3689 112 3760 leret
131 3719 223 3778 eous,
241 3725 321 3787 puer
344 3706 421 3772 haut
443 3727 624 3790 quaquam:
641 3729 714 3774 nom
738 3731 835 3794 saepe
858 3713 953 3778 etiarn
977 3735 1061 3780 nune

46 3805 119 3876 utera
139 3837 341 3886 mammarum
365 3822 398 3886 in
421 3823 540 3888 somnis
566 3823 720 3889 laetantia
743 3833 895 3907 quaeret:

45 3935 97 3999 pou
116 3930 163 3994 ubi
186 3953 275 4000 eoum
299 3935 431 4002 validae
453 3937 540 4002 vires
561 3944 667 4004 aetate
691 3947 823 4006 seneota

46 4043 222 4130 membraque
245 4047 396 4116 delieiunt
417 4051 553 4135 fugienti
576 4052 731 4137 languida
753 4055 838 4139 vita,

44 4313 80 4358 ‘¹55'
96 4331 144 4370 mro
161 4323 174 4391 ll
194 4329 245 4377 865
264 4329 341 4378 veteri
360 4345 412 4378 non
434 4327 447 4397 ΙΙ
467 4333 517 4380 866
537 4330 633 4396 begere
654 4328 666 4396 ΙΙ
687 4333 737 4380 868
756 4339 873 4380 securae.
895 4329 908 4398 Η
933 4337 981 4382 871
1004 4335 1029 4382 ni
1051 4333 1064 4400 Η
1085 4337 1135 4386 873

44 4405 98 4460 'tueri
117 4405 129 4472 ql
148 4413 194 4460 881
215 4415 298 4480 persis
318 4427 345 4464 ut
362 4431 414 4464 non
432 4417 465 4465 sit
484 4433 541 4485 pars
562 4416 575 4488 ll
596 4423 647 4467 884
666 4432 819 4482 quemquam
841 4416 853 4486 ll
875 4423 924 4469 885
945 4421 1066 4472 laetantis
