3036 5150
311 370 353 438 68
879 370 894 436 I

311 549 423 625 onvet,
446 560 528 624 qnae
551 559 688 625 eorpora
709 539 799 605 inani
823 547 854 606 et
875 541 972 606 inane
994 541 1183 625 eorporibns
1205 540 1407 621 determinat,

317 643 417 708 Uinio
433 643 565 708 alternos
580 644 706 727 infinito
721 644 827 708 omnia
841 641 955 708 reddat
967 645 983 706 .’
999 642 1048 708 his
1064 643 1220 708 subicitur
1234 644 1408 720 autetiam,

310 745 398 830 quod
421 743 612 830 Madvious,
636 746 663 810 si
687 744 755 810 eius
778 751 915 810 mentem
939 751 1025 810 reete
1041 745 1157 830 cepio,
1179 743 1348 831 (ridentur
1361 762 1409 808 nn·

309 853 374 913 tem
397 847 427 912 ei
442 853 517 934 post
532 847 760 914 inmoderatum
776 847 899 931 aliquot
920 867 1032 912 versus
1047 848 1201 932 periisse)
1217 847 1284 912 illis
1300 846 1410 930 superi-

310 949 418 1016 oribus
446 950 613 1034 subiungit
640 949 700 1015 heo
729 949 797 1015 fero
824 949 948 1014 ratione
971 999 978 1013 .
1005 948 1132 1016 ‘nature
1158 947 1309 1034 prohibet
1334 949 1410 1013 omni

309 1051 410 1134 fines,
441 1051 528 1136 qnod
555 1053 681 1119 alterne
703 1052 847 1118 finitione
874 1051 1029 1116 infinitum
1051 1051 1179 1118 reddit:
1206 1059 1279 1135 eut,
1310 1051 1337 1118 si
1357 1050 1412 1116 hoo

309 1173 374 1219 non
397 1153 472 1239 fiat,
496 1160 603 1221 tamen
627 1157 724 1222 etiarn
750 1156 957 1238 alterutrum,
980 1155 1052 1220 sive
1074 1173 1190 1240 oorpus
1213 1155 1282 1222 sive
1306 1155 1410 1232 inane,

309 1256 410 1322 altero
427 1275 491 1321 non
508 1259 698 1324 terminante
713 1257 870 1323 infinitum
885 1263 1015 1342 patent3
1035 1254 1138 1344 [quod
1154 1261 1203 1322 est
1224 1255 1411 1322 absurdum:

308 1377 384 1424 nam
414 1378 520 1442 neque
548 1379 686 1446 eorporn
711 1359 837 1425 infinita
859 1360 996 1444 spatium
1019 1357 1213 1446 haberent,]
1242 1360 1310 1425 Neo
1331 1383 1411 1424 moro

309 1485 365 1527 noo
378 1462 470 1527 tellus
481 1467 513 1527 et
524 1469 651 1546 cetere,
669 1461 759 1528 finita
770 1462 892 1527 soilioet
906 1462 939 1526 in
955 1461 1100 1546 infinito,
1116 1463 1280 1549 monum
1289 1473 1412 1548 pomero

310 1565 405 1630 horai
423 1566 533 1630 nitere
554 1564 776 1652 temporalem
798 1565 879 1630 heeo
901 1573 956 1630 nnt
978 1563 1073 1629 fallor
1094 1571 1151 1629 ant
1165 1583 1230 1629 non
1246 1569 1333 1630 rento
1347 1583 1411 1648 pro

309 1665 447 1733 oednnt.
469 1685 543 1730 nam
571 1667 598 1732 si
628 1667 794 1733 Lueretius
821 1665 874 1732 hio
900 1666 1113 1732 disiunctione
1140 1686 1217 1732 nous
1247 1673 1315 1750 est,
1350 1665 1412 1731 eins

310 1769 374 1834 trie
395 1769 540 1834 membre
562 1775 674 1852 erant,
697 1769 763 1835 ‘ant
785 1776 954 1852 utrumque
976 1767 1151 1852 infinim,
1174 1774 1230 1834 ent
1252 1773 1410 1847 nentrum,

307 1879 363 1938 ent
384 1871 574 1938 slterutrnm
588 1871 605 1935 .’
623 1871 732 1956 itaque
747 1871 860 1937 horum
883 1871 980 1937 medii
1004 1889 1076 1936 oum
1098 1869 1188 1936 nulle
1212 1871 1332 1937 mentio
1354 1871 1410 1954 sit,

308 1973 438 2041 videtur
459 1972 536 2038 mihi
559 1974 665 2059 potius
688 1973 876 2059 hypothesis
900 1991 972 2038 esse
994 1973 1027 2038 in
1050 1971 1120 2056 his,
1143 1973 1332 2040 alternorum
1352 1974 1415 2037 ndi

308 2079 450 2144 teminet
471 2077 624 2161 alterum,
649 2077 710 2143 hoo
733 2076 849 2143 modo.
866 2075 991 2162 ‘eorpus
1014 2075 1102 2141 inani
1124 2081 1155 2141 et
1169 2076 1267 2141 inane
1282 2093 1411 2160 corpore

306 2177 428 2244 finitum
443 2177 631 2244 intinitatem
647 2178 767 2244 elficit:
784 2192 859 2258 ool,
876 2180 904 2246 si
920 2187 1037 2264 nature
1051 2178 1111 2244 heo
1125 2178 1198 2262 logo
1213 2178 1260 2243 uti
1276 2177 1409 2258 desinat,
1506 2185 1507 2196 ¹

307 2281 400 2346 etiam
415 2281 601 2346 oltomtrum
617 2306 723 2348 nomm
732 2332 742 2365 ‚
758 2283 826 2347 nini
837 2283 971 2348 alterum
987 2284 1128 2348 tennione
1139 2283 1157 2363 ,³
1174 2317 1215 2328 —
1231 2279 1310 2364 quid
1325 2279 1411 2344 iam?

306 2401 381 2447 nem
403 2402 489 2449 nuno
510 2391 666 2468 apparet,
690 2385 824 2470 opinor,
849 2403 913 2450 non
936 2384 1014 2450 alibi
1038 2403 1134 2469 qnam
1149 2389 1223 2467 post
1238 2407 1342 2449 eorum
1357 2381 1409 2447 eli·

307 2484 384 2570 qnid
407 2485 566 2552 exoidisse
579 2507 586 2550 :
600 2506 773 2571 pergamus
790 2505 866 2570 ergo
890 2485 956 2572 rio,
979 2485 1086 2552 ‘etiam
1102 2480 1291 2551 alterutrum
1314 2483 1409 2550 infini-

305 2595 371 2654 tum
388 2584 514 2675 [motum
530 2603 624 2676 atquo
640 2591 819 2655 unrboroom
832 2602 979 2654 naturam
995 2584 1151 2674 everteret]
1160 2589 1178 2652 .’
1196 2587 1230 2652 id
1241 2607 1307 2671 qus
1318 2605 1410 2654 oense
1507 2631 1508 2678 l

306 2697 494 2756 eventurum
518 2710 590 2758 esso
612 2690 817 2757 statuendum
840 2692 900 2775 sit,
918 2690 1047 2774 Epicuri
1064 2690 1171 2755 verbis
1187 2689 1293 2756 dinam
1308 2741 1316 2774 ,
1332 2707 1408 2774 quse

306 2791 369 2858 huo
395 2793 556 2878 pertinere
587 2793 777 2880 interpretes
804 2799 890 2860 neoto
917 2791 1091 2874 viderunt,
1116 2811 1200 2876 qnae
1227 2799 1301 2859 sunt
1328 2790 1408 2878 npnd

305 2895 471 2961 Lndrtium
489 2897 666 2980 Diogenem
680 2921 699 2962 x
713 2945 721 2980 ,
737 2898 800 2964 42.
817 2891 885 2963 εἴτε
900 2894 962 2984 γὰρ
977 2885 1070 2982 ἦντὸ
1085 2892 1180 2961 κενὸν
1195 2885 1337 2982 ἔπειρον
1348 2945 1356 2974 ,
1369 2889 1407 2958 td

305 2997 343 3066 dd
353 2993 493 3082 σώματα
501 2991 680 3084 ὡρισμένα,
693 2994 847 3082 οὐδαμοῦ
854 2993 893 3066 ἂν
902 2995 995 3082 ἔμενε
1001 2995 1043 3065 τὰ
1050 2991 1198 3080 σώματα,
1212 2991 1280 3064 ἀλλ’
1298 2995 1405 3084 ἐφέρε-

304 3125 343 3170 το
356 3099 441 3170 κατὰ
452 3100 491 3169 τὸ
504 3093 646 3190 ἔπειρον
658 3101 752 3171 κενὸν
764 3090 1002 3190 διεσπαρμένὰ,
1020 3094 1079 3167 οὐκ
1097 3095 1214 3182 ἔχοντα
1224 3097 1266 3166 τὰ
1277 3093 1404 3182 ὑπερεί-

305 3205 407 3273 δοντα
414 3205 657 3273 καὶστέλλοντα
665 3204 749 3273 κατὰ
757 3199 1017 3285 τάςᾶντικοπάς·
1031 3199 1143 3270 si'rsrd
1156 3201 1251 3270 κενὸν
1262 3193 1301 3290 ἦν
1311 3195 1402 3289 ὥριο-

302 3307 413 3392 μένον,
430 3303 490 3376 οὐκ
506 3301 547 3375 dv
562 3301 628 3392 εἶχε
642 3310 683 3377 τὰ
696 3301 822 3398 ἄπειρα
834 3303 973 3392 σώματα
986 3303 1073 3376 ὅπου
1085 3305 1211 3392 ἐνέστη.
1228 3306 1285 3373 sed
1297 3307 1401 3371 Lnore

302 3413 376 3496 tine,
389 3410 476 3496 quod
486 3411 667 3479 Madvienm
680 3433 744 3480 non
757 3411 912 3478 fefellisse
925 3417 1070 3496 apparot,
1084 3411 1196 3476 horum
1209 3409 1350 3476 ordinem
1360 3407 1400 3470 in-

302 3517 404 3600 vortit
412 3513 584 3580 hoomod0.
593 3513 691 3600 ‘[nam
699 3515 960 3596 oiinonoftm'tum
969 3515 1019 3598 nit,
1032 3513 1216 3600 corporebus
1226 3511 1353 3599 infinitis
1362 3508 1398 3572 lo-

301 3641 371 3682 oom
378 3619 624 3704 oonrprooboret:
636 3631 691 3684 aot
699 3620 868 3704 ot'oorporo
876 3617 1183 3702 numerosissimo,
1195 3609 1396 3686 soonoamem]

299 3715 1398 3806 Stinplr'oonotor-apoterittameninmodorotnm,Neomareneotollneno·

299 3822 448 3907 queooelo'
456 3822 564 3888 lueida
574 3823 689 3909 templo
699 3860 735 3869 -
745 3823 908 3909 Eaeo'quum
912 3834 1042 3909 possent
1051 3819 1146 3885 horai
1156 3813 1397 3902 steteramus-⁹

385 3925 477 3992 1017.
499 3947 547 3990 oe
570 3945 721 3990 connum
743 3945 933 3990 nnrnnrn.
951 3923 1118 3992 corrector
1133 3920 1283 4005 quadrati
1305 3925 1334 3985 et
1354 3933 1396 3980 oo

296 4027 356 4094 tori
378 4027 418 4094 de
440 4049 562 4092 nonno
585 4048 791 4093 nrnnnnrnr.

383 4131 475 4197 1019.
499 4151 695 4196 cononnrn
724 4149 936 4195 onnnssrn.
958 4125 1182 4212 Antiquissimi
1211 4129 1393 4192 correctores

294 4229 463 4315 ntrinsqno
485 4233 679 4319 exemplaris
703 4253 914 4298 onnnosnr.

380 4333 471 4400 1023.
496 4335 575 4402 Nnc
591 4357 685 4408 onos
701 4357 881 4408 donnons
897 4353 1034 4398 snnncr
1047 4351 1169 4396 nrnnnn
1184 4347 1392 4396 noonnonr.

290 4435 446 4504 Marullus
469 4457 510 4504 ex
532 4459 561 4522 v,
577 4438 641 4506 423
663 4439 730 4506 Neo
752 4463 830 4528 quos
852 4461 994 4528 quaeque
1020 4455 1167 4502 nnnnnn
1194 4455 1312 4501 nonne
1334 4451 1395 4494 nn·

291 4561 428 4607 rronnrr
451 4559 666 4608 rnorsono.
