3052 5144
549 472 598 538 m
701 547 705 556 ,

22 653 182 730 conspectu
207 665 248 712 ex
270 645 452 730 hominurn,
468 645 591 711 foedati
614 644 745 710 crimine
767 646 871 730 turpi,

23 763 158 826 urrinibur
182 761 324 826 erumnis
345 760 460 824 adfecti
485 759 622 842 denique
647 760 778 836 vivunt,

24 887 50 939 ct
70 897 127 958 quo
150 895 288 957 cumque
310 881 417 939 tamen
439 873 547 938 miseri
570 891 687 939 venere
710 878 880 958 parentant

25 1001 49 1056 et
70 993 173 1076 nigras
194 997 338 1056 mactant
359 989 501 1074 pecudes
525 993 556 1054 et
579 988 716 1054 manibu’
741 988 822 1054 divis

26 1107 139 1171 inferias
161 1107 309 1184 mittunt,
327 1106 490 1188 multaque
511 1104 544 1168 in
567 1104 661 1169 nebus
685 1105 809 1170 acerbis

26 1222 117 1287 acrius
138 1220 307 1286 advertunt
328 1219 452 1285 animos
476 1218 519 1283 ad
543 1219 750 1302 religionem.

27 1357 81 1416 quo
103 1335 201 1420 magis
225 1336 258 1400 in
283 1336 387 1401 dubiis
410 1335 571 1402 hominem
595 1341 741 1419 spectare
764 1333 893 1422 periclis

27 1451 161 1516 convenit
182 1450 393 1534 adversisque
415 1451 446 1514 in
470 1452 566 1516 rebus
588 1459 731 1516 noscere‘
744 1451 796 1532 qui
820 1451 879 1514 sit:

27 1585 90 1628 nam
111 1585 207 1632 verae
230 1585 328 1632 voees
351 1573 417 1631 turn
439 1565 566 1631 demum
589 1572 718 1650 pectore
741 1566 781 1629 ab
803 1565 866 1629 inm

29 1682 184 1760 eiciuntur,
202 1689 236 1746 et
256 1681 389 1764 eripitur
410 1700 569 1764 persona,
586 1687 694 1745 manet
715 1701 787 1745 res.

31 1783 150 1877 denique
172 1796 327 1861 avarities
349 1801 381 1861 et
404 1795 560 1862 honorum
585 1815 683 1862 caeca
705 1795 842 1880 cupido,

10 1930 101 1989 iquae
123 1912 256 1977 miseros
279 1911 424 1976 hemines
448 1918 567 1994 cogunt
588 1910 815 1977 transcendere
836 1910 915 1976 fines

33 2024 95 2090 iuris
114 2033 142 2091 et
164 2026 247 2092 inler
272 2025 344 2090 dum
369 2027 475 2092 socios
497 2027 652 2093 scelerum
676 2033 773 2108 atque
797 2025 957 2090 ministros

35 2145 123 2204 nectes
143 2149 242 2224 atque
264 2141 335 2206 dies
357 2142 415 2207 niti
439 2149 621 2226 praestante
643 2142 754 2207 labore

39 2254 70 2315 ad
87 2275 217 2324 summas
240 2276 408 2340 emergere
430 2277 529 2342 opes,
545 2256 626 2321 haee
647 2258 781 2322 vulnera
803 2257 888 2322 vitae

39 2387 87 2432 nnn
106 2371 265 2436 minimam
288 2377 409 2456 partem
432 2371 543 2436 mortis
566 2369 736 2437 fomridine
759 2373 907 2436 aluntur.

10 2487 119 2568 nlnrpis
138 2488 222 2552 eninr
247 2487 348 2553 ferme
370 2493 567 2570 contemptus
590 2493 622 2550 et
644 2485 727 2552 acris
751 2494 879 2570 egestas

39 2607 140 2665 semota
161 2601 203 2666 ab
228 2601 315 2666 dulci
339 2603 402 2666 vita
426 2601 596 2683 stabilique
619 2602 766 2668 videntur

39 2717 62 2774 et
81 2716 161 2795 quasi
183 2717 248 2781 iam
273 2716 327 2782 leti
350 2722 461 2800 portas
484 2717 658 2782 cunctarier
680 2725 774 2796 ante;

38 2825 105 2891 unde
125 2831 269 2897 homines
292 2829 366 2894 dum
390 2849 426 2896 se
448 2831 531 2896 lalso
554 2839 674 2897 terrore
697 2833 799 2898 coacti

38 2941 167 3026 effugisse
189 2946 303 3010 volunt
324 2945 443 3028 longe,
463 2945 623 3028 longeque
646 2967 808 3024 ramesse,

12 3073 21 3108 ι
39 3059 174 3139 sanguine
197 3059 284 3125 civili
305 3079 372 3123 rem
395 3059 536 3125 conflant
559 3061 749 3144 divitiasque

40 3169 245 3256 conduplicant
267 3173 373 3256 aridi,
391 3174 522 3239 caedem
547 3177 646 3242 caede
669 3175 926 3252 accumulantes,

40 3285 166 3352 crudeles
186 3288 330 3372 gaudent
352 3288 384 3350 in
407 3289 486 3353 tristi
510 3287 621 3356 sunere
644 3291 772 3377 fratris,

42 3405 67 3458 el
86 3403 349 3487 consanguineum
372 3421 503 3469 mensas
526 3403 622 3471 odere
645 3406 838 3488 timentque.

43 3515 178 3579 consimili
201 3517 328 3582 ratione
350 3519 391 3583 ab
414 3521 526 3604 eodem
550 3539 650 3605 saepe
675 3521 788 3585 timore

15 3636 164 3694 enacarat
184 3631 326 3696 invidia.
344 3638 418 3697 arrte
442 3635 552 3700 oculos
574 3635 662 3700 illum
687 3655 760 3701 esse
783 3640 962 3720 putentem,

45 3737 117 3806 illum
139 3745 316 3830 aspecturi,
333 3750 420 3814 claro
443 3749 496 3831 qui
519 3750 638 3818 incedit
659 3749 800 3828 honore,

45 3851 92 3934 ipsi
113 3879 146 3925 se
166 3863 198 3926 in
219 3863 360 3929 tenebris
382 3863 466 3929 volvi
490 3883 654 3948 caelioque
678 3871 868 3948 queruntur.

48 3964 184 4040 intereunt
204 3979 317 4062 partlm
341 3985 515 4044 statuarum
541 3987 572 4045 et
593 3981 730 4044 nominis
753 4000 851 4062 ergo.

47 4087 72 4142 ll
90 4105 177 4172 saepe
198 4113 300 4175 usque
322 4093 424 4178 adeo,
442 4093 551 4159 mortis
574 4091 762 4179 formidine,
779 4095 866 4160 vitae

54 4345 79 4392 it
90 4349 174 4406 lnleria
194 4356 208 4426 ΙΙ
228 4363 260 4411 ns
273 4361 416 4410 Eliciuntur
435 4361 448 4429 Η
469 4371 492 4412 et
507 4360 664 4428 ominatum}
689 4375 806 4411 rnunnre.
828 4359 841 4430 Η
863 4361 894 4410 dn
909 4361 1013 4411 tnlrnrc.
1035 4357 1049 4428 ΙΙ
1069 4363 1101 4408 du
1115 4359 1150 4406 ri-

53 4433 126 4487 detur.
145 4439 157 4512 li
176 4449 206 4495 72
227 4449 331 4498 lrarrcs.
353 4449 366 4516 ΙΙ
389 4451 421 4496 78
440 4457 532 4498 statum

926 4551 946 4615 6
