2996 5148
365 401 429 468 230
911 397 951 462 Vl

367 573 508 650 creseat,
524 567 580 631 ubi
602 565 635 630 in
658 585 791 652 campos
814 567 906 633 albas
927 568 1126 634 descendere
1148 569 1285 654 ningues

366 681 501 747 tabifieis
526 681 647 763 subigit
668 680 768 746 radiis
790 682 839 746 sol
862 683 970 748 emnia
993 684 1151 749 lustrans.

406 795 501 861 Nune
523 815 607 880 age,
623 797 752 863 Averna
773 795 829 860 tibi
854 817 936 878 quae
960 797 1024 862 sint
1044 798 1116 864 loea
1138 818 1274 880 eumque
1296 798 1435 879 lacusque

369 911 558 996 expediam,
576 911 662 994 quali
686 921 802 976 natura
824 911 972 996 praedite
994 918 1159 979 constent.

296 1048 345 1093 740
368 1025 545 1110 principie,
562 1047 624 1108 quo
647 1029 773 1092 Averna
794 1033 950 1092 vocentur
972 1029 1099 1094 nomine
1112 1079 1119 1106 ‚
1134 1028 1168 1092 id
1191 1028 1233 1094 ab
1257 1047 1293 1094 re

369 1142 591 1226 iupositumsl‚
608 1141 685 1224 quia
708 1149 781 1206 sunt
803 1142 916 1208 avibus
939 1143 1100 1208 contraria
1121 1143 1265 1220 eunetis,

369 1277 387 1322 e
410 1258 542 1341 regione
565 1275 605 1322 en
627 1254 714 1338 qued
735 1256 810 1322 loen
833 1276 903 1321 eum
926 1275 1042 1323 venere
1065 1259 1230 1343 volentes,

370 1371 481 1452 remigi
504 1371 625 1436 oblitae
647 1389 821 1454 pennarum
846 1371 1125 1451 reintromittant,

370 1485 628 1570 praecipitesque
650 1485 769 1550 cadunt
791 1486 877 1552 melli
901 1487 1026 1552 eerviee
1048 1487 1198 1571 profusae

297 1622 346 1668 545
372 1601 404 1665 in
427 1609 562 1686 lerrsm,
580 1603 607 1666 sl
631 1599 713 1666 forte
736 1601 780 1666 ita
802 1599 866 1666 lert
887 1609 1000 1666 natura
1023 1602 1184 1686 lueerum,

370 1716 478 1780 autin
502 1736 642 1798 aquam,
659 1725 707 1782 est
729 1717 756 1782 sl
779 1716 861 1782 forte
886 1717 973 1782 lanus
995 1718 1173 1782 substratus
1196 1719 1336 1784 Averni.

370 1831 398 1896 is
421 1831 511 1896 loeus
533 1837 582 1896 est
604 1830 722 1895 Cumas
745 1837 841 1915 aput,
857 1833 922 1896 seri
946 1833 1075 1916 sulpure
1099 1839 1222 1897 mentes

371 1947 491 2030 oppleti
515 1946 628 2012 ealidis
651 1947 704 2012 ubi
728 1947 851 2012 lurnent
873 1946 1014 2012 lontibus
1037 1948 1141 2012 aucti:

371 2068 421 2126 est
442 2068 476 2124 ut
497 2061 672 2126 Athenaeis
694 2063 726 2126 in
750 2062 938 2146 moenibus,
956 2062 1040 2126 ereis
1062 2063 1096 2126 iu
1119 2063 1189 2146 ipso
1275 2055 1288 2065 ’

297 2198 346 2244 rue
371 2175 508 2252 vertice,
525 2176 666 2242 Palladis
689 2177 731 2241 nd
754 2177 905 2261 templum
929 2177 1105 2244 Tritonidis
1127 2177 1254 2262 almae,

370 2311 432 2374 que
454 2311 626 2373 numquam
650 2291 766 2376 pennis
789 2293 955 2378 appellunt
976 2313 1111 2376 eorpere
1133 2311 1251 2358 rsueae

371 2405 533 2488 eorniees,
550 2427 614 2470 non
637 2427 708 2470 eum
731 2407 857 2472 fument
878 2408 995 2472 alteria
1016 2409 1130 2474 donis:

370 2521 576 2602 usqueadeo
601 2522 738 2606 fugitent
760 2543 823 2586 nen
846 2524 910 2588 iras
935 2523 1076 2588 Palladis
1099 2523 1181 2588 aeris

372 2636 518 2720 pervigili
542 2657 659 2720 eausa,
676 2636 807 2702 Graium
829 2645 864 2701 ut
884 2637 1027 2702 eeeinere
1049 2643 1184 2721 politae,

298 2773 347 2818 555
372 2753 429 2816 sed
453 2757 569 2816 natura
592 2751 653 2815 loni
676 2751 706 2816 vi
729 2751 800 2816 ibus
823 2750 924 2816 offleii
944 2752 1017 2836 ipsa
1039 2759 1175 2836 suapte.

371 2867 402 2930 in
427 2866 521 2950 Syrie
544 2887 671 2948 quoque
693 2867 791 2930 sertm·
813 2867 888 2932 item
911 2867 1001 2934 loeus
1024 2886 1095 2932 esse
1118 2865 1240 2940 videri,

372 2981 587 3064 quadripedes
610 3001 735 3063 quoque
758 3001 818 3062 quo
843 2981 937 3047 simul
960 3002 1000 3046 ee
1021 2981 1157 3062 vestigia
1179 2981 1316 3064 primum

372 3097 553 3172 intulerint,
570 3097 711 3177 graviter
734 3097 782 3162 vis
804 3103 901 3177 eogut
923 3095 1092 3172 eoneidere
1116 3096 1207 3178 ipsa,

373 3211 517 3276 inanibus
538 3217 573 3276 ut
595 3211 620 3274 si
645 3211 678 3274 lit
699 3210 782 3276 divis
805 3210 952 3276 rnaetelu’
976 3213 1128 3294 repente.

298 3345 347 3390 sne
373 3325 479 3388 omnia
502 3347 582 3408 quae
606 3325 745 3392 naturali
767 3327 892 3390 ratione
915 3332 1088 3406 geruntur,

372 3446 403 3502 et
426 3438 542 3521 quibus
565 3439 675 3504 efflant
696 3441 801 3506 enusis
823 3443 961 3524 apparet
984 3438 1096 3520 origo;

372 3553 468 3616 ianua
491 3571 531 3617 ne
554 3552 662 3618 Puteis
686 3555 757 3618 Orei
782 3554 968 3635 regionibus
991 3573 1063 3620 esse

373 3665 538 3741 credatur,
554 3675 627 3751 post
649 3668 723 3734 hine
745 3669 870 3734 enimes
892 3668 1081 3732 Acheruntis
1103 3666 1135 3730 in
1160 3684 1233 3730 ores

374 3784 489 3847 dueere
512 3783 592 3847 ior-te
614 3783 693 3848 deos
714 3783 820 3848 mauis
842 3783 962 3846 inferne
986 3803 1131 3858 reamur,
1492 3831 1493 3866 q

372 3983 489 3989 ——..—
497 3983 573 3990 ...μ-..-
1492 3939 1493 3986 Η

379 4116 427 4162 736
447 4114 519 4162 albos
538 4114 658 4162 decedere
681 4112 694 4182 Η
721 4117 770 4162 740
793 4091 861 4177 quod
888 4111 900 4178 Η
928 4114 977 4162 743
997 4112 1116 4175 Remigio
1142 4109 1156 4180 Η
1183 4113 1231 4160 746
1254 4121 1292 4160 est
1315 4112 1442 4161 omissum·
1462 4097 1471 4162 l'

376 4199 503 4248 subii-ntus
523 4197 536 4266 Η
559 4205 606 4250 747
622 4201 672 4250 ecri
686 4202 771 4264 suiper
791 4199 804 4266 Η
826 4203 874 4248 749
888 4209 913 4248 et
933 4197 945 4266 Η
966 4200 1038 4262 piso.
1054 4197 1066 4264 Η
1090 4203 1139 4248 754
1153 4199 1248 4274 gisluni
1269 4194 1281 4265 Η
1306 4201 1354 4246 755
1367 4194 1473 4252 locique

377 4287 456 4335 el'lieit
482 4284 495 4354 Η
517 4292 565 4338 759
584 4290 635 4338 sint
658 4291 671 4356 Η
692 4297 802 4336 mnetntu
821 4289 834 4354 Η
857 4291 901 4336 lul
925 4287 1019 4334 etant
1044 4283 1057 4354 Η
1082 4303 1175 4352 appare
1195 4285 1208 4354 Η
1229 4287 1278 4334 len
1299 4285 1378 4348 poleis
1401 4277 1412 4346 Η
1435 4278 1472 4322 75⁴

376 4376 475 4426 inferna
