2996 5148
562 388 715 432 anenasro
1174 373 1192 435 'l

105 558 270 606 aesomnes
285 545 342 604 aut
356 559 422 604 uuo
442 539 620 624 exemplari
642 545 698 606 aut
720 539 845 607 duobus
868 541 951 606 inter
972 561 1008 608 se
1023 543 1194 610 simillimis

104 661 169 708 uros
192 661 283 726 esse;
311 661 505 727 quamquam
531 641 695 727 Venetus,
724 644 780 726 qui
806 643 839 708 in
866 646 980 710 ceteris
1007 644 1193 715 Veronense

102 744 250 830 exemplar
272 745 421 830 quamvis
444 744 632 811 mendosum
655 747 833 831 expressit,
857 765 970 812 versus
992 747 1065 812 libri
1088 749 1194 830 quarti

101 868 187 910 mum
205 847 432 932 (raa-190),
456 848 512 931 qui
528 847 706 914 Veronensi
729 847 854 933 desunt,
877 848 1010 916 aliunde
1032 850 1193 934 acceperit

100 970 218 1016 neeeme
244 957 313 1016 est.
329 950 389 1017 sed
415 951 502 1034 quod
528 951 749 1036 typographos
772 952 939 1036 antiquam
961 972 1066 1036 neque
1088 972 1193 1019 emen·

101 1055 195 1119 datam
216 1053 386 1120 lectionem
408 1053 534 1120 fidelius
557 1073 653 1138 quam
677 1054 839 1126 notarium
855 1055 1074 1121 Florentinum
1097 1055 1192 1121 alios·

99 1177 151 1241 que
163 1157 262 1222 Italos
278 1157 308 1222 ei
323 1156 444 1223 similes
457 1155 649 1223 observasse
665 1155 752 1241 dixi,
776 1156 954 1223 carendum
970 1157 1071 1224 nihilo
1086 1157 1192 1224 miuus

99 1267 139 1325 eat
161 1281 200 1325 ne
231 1259 330 1324 mullo
356 1259 429 1343 plus
455 1259 620 1344 impressis
647 1278 742 1342 quam
770 1261 894 1326 calamo
925 1261 1036 1328 Italico
1064 1261 1192 1346 scriptis

98 1362 275 1428 credamus:
298 1362 423 1427 namin
439 1363 603 1447 impressis
619 1381 747 1446 quoque
762 1381 827 1428 non
842 1382 946 1447 pauca
968 1369 1042 1429 sunt
1063 1363 1104 1429 de
1119 1382 1191 1429 con·

15 1521 16 1544 ι
98 1468 209 1532 iectura
223 1463 415 1549 emendata,
439 1465 472 1530 iu
489 1465 649 1531 Brixiensi
673 1464 801 1549 quidem
823 1467 921 1550 paulo
937 1466 1032 1550 plura
1047 1471 1079 1532 et
1094 1466 1192 1532 auda-

15 1555 16 1622 }
96 1569 154 1634 eius
176 1588 273 1652 quam
296 1568 329 1633 in
350 1567 528 1634 Veronensi
551 1573 583 1634 et
598 1567 743 1652 Venet03
766 1587 865 1652 quare
889 1565 1061 1652 falluntur,
1085 1574 1119 1634 ut
1141 1588 1190 1634 so-

15 1661 17 1732 l
95 1673 170 1754 lent,
197 1671 253 1755 qui
275 1670 366 1735 libris
388 1672 527 1754 pretium
549 1676 694 1736 statuunt
716 1692 757 1738 ex
778 1671 931 1752 raritate,
955 1691 1027 1737 cum
1049 1671 1192 1736 Brixien-

94 1794 150 1839 rem
166 1773 232 1839 illis
252 1771 316 1838 ride
331 1778 363 1837 et
384 1773 575 1838 austeritate
597 1779 763 1858 praestare
785 1778 934 1840 censent.
952 1773 1049 1858 mihi,
1073 1792 1145 1838 cum
1160 1781 1192 1838 et

15 1907 16 1910 ¹
94 1877 241 1943 Venetum
264 1875 429 1960 exemplar
444 1875 478 1940 in
500 1875 649 1943 manibus
671 1877 824 1943 haberem
845 1882 877 1942 et
899 1877 1111 1942 eVeronensi
1128 1876 1191 1940 Ha-

92 1999 273 2065 rereampus
294 1977 516 2045 Wakefieldus
541 1978 695 2063 Forbiger
720 1980 821 2045 multa
843 1980 1062 2064 excepissent,
1086 1977 1128 2044 ad
1151 1997 1192 2045 ea

92 2102 165 2166 quae
188 2082 306 2149 vellem
329 2081 558 2165 cognoscenda
579 2081 706 2148 suffecit
728 2082 875 2166 quamvis
898 2081 1044 2167 imperite
1059 2085 1092 2147 et
1112 2099 1190 2164 neg·

91 2185 227 2268 legenter
243 2183 329 2250 laeta
343 2184 385 2250 ab
400 2183 544 2250 Iohanne
560 2182 706 2250 Gerardo
724 2191 872 2270 quattuor
887 2185 1063 2270 primarum
1079 2183 1190 2249 editio·

90 2309 156 2354 nem
188 2287 354 2372 recensio,
383 2305 465 2371 quae
492 2287 526 2352 in
548 2288 760 2371 Glasgueusis
792 2287 944 2354 editionis
966 2293 1052 2353 tomo
1075 2293 1189 2371 quarto

90 2389 226 2457 exhibita
249 2397 298 2457 est
319 2391 449 2477 paginis
473 2411 553 2453 ccxx
574 2389 803 2477 (ree-402).

165 2493 320 2580 Superest
333 2500 369 2559 ut
391 2493 432 2559 de
453 2493 547 2559 tertio
571 2511 689 2576 genere
705 2514 884 2580 exponam,
908 2492 995 2578 quod
1017 2493 1189 2560 abeodem

90 2599 181 2682 stirpe
203 2597 333 2664 venisse
349 2615 449 2681 supra
471 2595 559 2662 dixi.
577 2615 617 2660 ex
640 2597 701 2664 hoc
723 2597 787 2664 duo
803 2596 881 2662 mihi
897 2601 975 2661 nota
989 2603 1063 2662 sunt
1085 2615 1189 2662 exem·

90 2702 206 2785 pluria,
233 2700 371 2766 alterum
399 2719 464 2764 non
490 2701 670 2784 integrum,
699 2706 846 2766 neutrum
873 2703 1031 2766 retractate
1053 2717 1113 2782 par
1136 2697 1189 2762 ob·

90 2803 189 2888 longo,
211 2807 359 2869 neutrum
382 2802 520 2886 denique
539 2803 586 2868 ita
599 2802 753 2888 scriptum
768 2809 803 2868 ut
817 2801 948 2868 librario
972 2801 1088 2867 librum
1111 2801 1189 2866 anti·

90 2907 267 2988 quissimum
297 2906 401 2990 ipsum
435 2911 511 2970 ante
544 2905 652 2971 oculos
687 2903 788 2970 luisse
815 2910 994 2990 appareat.
1023 2904 1077 2988 qui
1108 2903 1189 2970 liber

90 3008 322 3093 antiquissimus
345 3028 416 3074 eum
439 3005 517 3072 olim
539 3013 632 3091 esset,
656 3007 742 3090 quod
758 3006 865 3072 multis
886 3005 1085 3072 documentis
1100 3007 1189 3073 intel·

90 3113 216 3197 legitur,
232 3112 355 3197 passim
368 3109 503 3176 detritus
516 3159 524 3193 ,
541 3129 688 3175 corrosus
701 3158 709 3193 ,
722 3109 873 3175 sordibus
885 3108 1062 3192 obductus,
1079 3109 1190 3192 aliqua

91 3215 177 3281 edam
192 3221 286 3302 parte
300 3215 389 3281 lacer
404 3219 437 3279 et
451 3211 590 3278 schedae
604 3233 705 3276 uxvm
720 3213 850 3297 paginis
870 3213 1007 3279 inversis
1030 3212 1102 3296 (ιι,
1126 3211 1188 3277 299

91 3318 226 3402 -347),
245 3318 321 3384 dum
337 3317 398 3382 illa·
408 3317 518 3402 priora
533 3315 725 3401 apographa
740 3315 1008 3399 conficiebantur,
1026 3312 1142 3380 accidit
1155 3319 1190 3378 ut

91 3425 230 3502 quamor
252 3419 412 3503 schedae,
436 3438 520 3503 quae
540 3425 632 3485 erant
653 3437 784 3484 numero
801 3439 856 3481 xvr
878 3439 956 3482 xxix
977 3439 1081 3482 xxxrx
1105 3437 1188 3500 exv,

91 3523 292 3610 compagibus
319 3522 432 3589 solutis
459 3521 569 3587 asnis
592 3519 724 3588 sedibus
747 3521 955 3604 aberrarent;
983 3541 1046 3604 quo
1069 3519 1188 3584 lactum

91 3631 134 3689 est
151 3633 185 3692 ut
207 3645 248 3692 ea
270 3643 355 3710 quae
377 3624 426 3691 his
448 3623 576 3690 schedis
596 3623 841 3690 continebantur
862 3623 1040 3706 (quaenam
1063 3641 1103 3687 ea
1124 3621 1189 3687 fue·

92 3727 146 3794 rint
165 3731 270 3797 dicam
294 3727 336 3793 ad
359 3727 476 3793 librum
499 3749 531 3810 r,
555 3727 635 3811 734)
658 3728 690 3792 in
713 3725 773 3792 hoc
788 3746 872 3792 novo
889 3725 1034 3792 codicum
1049 3723 1204 3808 genere,

90 3831 164 3912 quod
179 3837 249 3899 erat
263 3831 410 3914 tertium,
427 3830 493 3896 suis
509 3831 588 3896 loeis
604 3830 675 3896 sine
690 3829 755 3894 ullo
768 3828 913 3894 delectus
930 3828 1049 3893 indicio
1066 3827 1189 3892 omissa

92 3941 155 4014 post
175 3934 248 4000 libri
272 3933 354 4000 sexti
378 3931 472 3998 finem
496 3951 641 3999 seorsum
663 3937 914 4017 reponerentur.
930 3929 992 3996 boe
1014 3949 1131 3995 novum
1158 3936 1190 3994 et

92 4037 205 4102 tertium
233 4055 336 4119 genus
370 4033 463 4101 dico:
483 4053 559 4100 nam
585 4034 686 4118 siquis
712 4033 772 4099 hoe
802 4033 938 4120 primum
966 4033 1066 4098 fuisse
1092 4037 1189 4116 atque

92 4135 161 4204 illud
184 4139 337 4206 damnum
365 4137 509 4205 codicem
532 4137 621 4222 prius
646 4155 743 4221 quam
766 4135 926 4218 oblongus
949 4142 981 4202 et
1002 4134 1187 4200 Italicorum

93 4255 198 4319 parens
220 4246 428 4307 nascerentur
451 4240 567 4306 fecisse
591 4239 807 4322 existimabit,
831 4239 859 4304 is
882 4237 1042 4323 quomodo
1065 4237 1188 4302 librarii

94 4339 217 4409 schedas
244 4343 449 4428 perturbatas
478 4344 511 4408 iu
544 4362 653 4409 verum
681 4341 825 4407 ordinem
854 4340 1051 4407 restituerint
1073 4338 1189 4404 dooere

95 4459 148 4506 non
169 4445 303 4529 poterit.
320 4447 427 4530 itaque
450 4445 562 4511 horum
584 4445 731 4511 codicum
751 4443 832 4510 alter
848 4451 896 4510 est
911 4443 1080 4510 Leidensis
1097 4462 1189 4512 our-

96 4561 248 4634 unrrus,
282 4555 410 4615 notetus
443 4567 576 4613 numero
598 4547 659 4631 94,
695 4547 832 4633 scriptus
858 4546 988 4612 saeculo
1017 4544 1140 4610 decimo
1168 4563 1189 4608 a
