3052 5144
363 421 405 484 56
909 415 942 478 11

293 607 344 654 000
369 606 461 651 umor
483 585 605 662 dulcis,
622 584 675 648 ubi
699 603 756 669 per
776 589 880 648 terras
902 583 1043 650 crebrius
1065 585 1151 651 idem

370 699 572 785 percolatur,
589 705 624 764 ut
644 698 677 764 in
699 697 829 764 foveam
850 697 928 764 fluat
949 718 989 763 ac
1010 707 1233 780 mansuescat,

294 836 343 881 000
370 834 488 898 aspera
510 834 573 895 quo
595 813 698 898 magis
721 813 754 876 in
777 813 869 878 terris
891 812 1079 879 haerescere
1100 815 1245 899 possint.

415 927 509 1004 Quod
532 927 683 1010 quoniam
707 927 823 1012 docui,
840 947 973 1014 pergam
997 933 1165 994 conectere
1186 949 1255 994 rem
1277 947 1360 1012 quae

372 1063 413 1110 ex
434 1043 495 1108 hoc
517 1048 593 1128 apta
614 1041 710 1108 fidem
733 1041 848 1119 ducat,
863 1042 1038 1126 primordia
1058 1062 1163 1108 rerum

296 1181 346 1228 aso
371 1158 461 1224 finita
483 1157 608 1221 variare
631 1155 803 1240 figurarum
825 1156 967 1220 ratione.

373 1271 508 1356 quodsi
533 1289 595 1336 non
618 1270 661 1334 ita
684 1271 744 1352 sit,
761 1289 886 1334 rursum
908 1270 973 1334 iam
996 1271 1118 1336 semina
1141 1272 1301 1355 quaedam
1513 1246 1514 1340 i

372 1405 443 1452 esse
465 1385 587 1450 infinito
611 1383 774 1450 debebunt
796 1384 939 1468 eorporis
961 1391 1075 1450 auctu.

371 1519 509 1582 namque
531 1500 643 1564 eadem
667 1499 760 1564 unius
784 1499 923 1564 cuiusvis
946 1500 978 1564 in
1001 1500 1155 1566 brevitate

372 1615 514 1700 eorporis
536 1614 674 1677 intense
697 1614 830 1678 muitum
853 1615 979 1680 variare
1003 1614 1125 1698 figurae

298 1751 348 1798 400
374 1748 438 1793 000
461 1735 615 1813 possunt.
632 1728 685 1792 fae
707 1729 790 1794 enim
813 1730 952 1794 minimis
975 1751 992 1794 e
1014 1730 1158 1814 partibus
1179 1749 1251 1794 esse

373 1863 507 1929 corpora
530 1843 632 1928 prima
654 1843 777 1920 tribus,
794 1843 846 1908 vel
868 1844 964 1928 paulo
988 1843 1131 1928 pluribus
1153 1864 1257 1928 auge:

373 1935 488 2043 000000
513 1957 567 2024 ubi
591 1977 647 2024 eas
669 1958 770 2042 partis
793 1957 886 2024 unius
909 1957 1053 2042 eorporis
1076 1959 1200 2033 omnis,

373 2093 498 2138 summa
520 2079 615 2154 atque
637 2073 703 2136 ima
724 2072 856 2146 locans,
872 2077 1089 2138 transmutans
1112 2073 1244 2138 dextera
1266 2072 1383 2146 laevis,

374 2185 565 2250 omnimodis
587 2195 737 2271 expertus
760 2187 844 2261 eris,
861 2207 955 2269 quam
981 2187 1118 2268 quisque
1140 2187 1194 2252 det
1216 2186 1294 2252 ordo

198 2303 204 2314 ”
297 2322 349 2370 too
373 2301 488 2366 sonnai
511 2301 650 2385 speciem
672 2303 770 2366 totius
793 2301 937 2385 eorporis
961 2301 1050 2384 eius,

373 2415 460 2499 quod
483 2435 579 2500 super
601 2423 668 2500 est,
686 2417 712 2480 si
735 2415 815 2480 forte
838 2415 927 2480 voles
950 2415 1075 2480 variare
1098 2414 1237 2496 figuras,

373 2529 555 2594 addendum
577 2531 676 2614 partis
699 2530 781 2595 alias
804 2529 974 2596 e1·it.iude
995 2535 1164 2614 sequetur,

374 2644 515 2710 adsimili
538 2644 661 2709 ratione
684 2646 765 2712 alias
788 2651 822 2712 ut
844 2645 985 2730 postulet
1006 2645 1105 2726 ordo,

375 2761 402 2826 si
425 2767 458 2825 tu
479 2759 560 2826 sorte
583 2760 671 2826 voles
694 2761 789 2826 etiam
811 2760 935 2824 variare
958 2759 1095 2844 figuras.

299 2898 349 2946 sao
373 2895 450 2961 ergo
473 2873 646 2940 formarum
670 2876 842 2940 novitatem
865 2874 1007 2958 corporis
1028 2891 1167 2957 augmen

374 2991 595 3074 subsequitur.
613 3007 713 3070 quare
736 3009 800 3054 000
823 2996 872 3054 est
893 2995 927 3054 ut
949 2988 1080 3054 eredere
1102 2987 1208 3073 possis

374 3125 445 3171 esse
466 3105 595 3170 infinitis
618 3101 772 3170 distantia
793 3105 918 3170 semina
939 3105 1069 3186 formis,

375 3239 415 3284 00
437 3219 600 3300 quaedam
622 3237 722 3302 cogas
744 3217 863 3282 inmani
885 3219 1079 3284 maximitate

376 3352 467 3410 esse,
483 3353 580 3418 supra
603 3331 688 3415 quod
711 3333 776 3398 iam
800 3333 892 3398 docui
916 3354 979 3402 uon
1000 3351 1097 3416 posse
1120 3330 1270 3416 probari.

301 3468 352 3516 ooo
377 3447 440 3511 iam
463 3447 520 3512 tibi
542 3447 732 3514 barbaricae
755 3458 860 3516 vestes
883 3448 1103 3528 Meliboeaque
1125 3445 1252 3528 fulgens

376 3581 517 3646 purpura
535 3561 724 3628 Thessalico
748 3561 939 3628 oonohamm
962 3567 1046 3626 tacta
1067 3560 1194 3642 colore,

377 3696 497 3760 aurea,
513 3695 672 3759 pavonum
696 3676 809 3742 ridenti
833 3677 955 3740 imitata
977 3677 1088 3758 lepore

376 3792 505 3868 saecla,
522 3810 605 3854 novo
628 3810 730 3854 rerum
753 3797 904 3875 superata
926 3789 1033 3854 colore
1055 3789 1196 3852 iacerent

378 3913 410 3970 et
431 3910 632 3988 contemptus
654 3903 732 3970 odor
753 3905 903 3991 smyrnae
926 3903 1093 3986 mellisque
1116 3919 1269 3985 sapores,

380 4209 430 4257 48³
449 4207 476 4256 iu
494 4206 581 4255 eadem
601 4221 652 4254 una
671 4201 685 4274 ΙΙ
705 4209 755 4256 486
774 4207 851 4272 paula
871 4203 884 4274 ΙΙ
904 4208 955 4254 488
974 4213 1126 4254 mammatae
1145 4199 1159 4270 ΙΙ
1179 4204 1229 4252 489
1248 4199 1391 4252 Omnimodi
1408 4188 1471 4260 11495

380 4293 515 4360 augimen.
537 4293 549 4358 Η
570 4295 620 4341 407
636 4293 730 4344 semina
750 4293 764 4363 ΙΙ
784 4297 834 4344 490
848 4292 970 4358 probare.
991 4289 1004 4362 Η
1025 4294 1073 4340 001
1090 4299 1156 4342 tecta
1175 4288 1189 4360 Η
1211 4293 1261 4340 002
1275 4289 1357 4340 uident
1368 4284 1448 4334 imbuo
1463 4302 1471 4336 0

382 4383 518 4432 coenove
538 4379 551 4446 Η
572 4382 622 4429 004
642 4380 706 4430 udor
