3096 5142
304 371 365 437 288
845 369 872 432 V

303 543 393 608 ouius
416 537 501 604 modi
526 533 736 628 ἐπιφώνησις
757 538 835 622 quia
856 537 1034 604 orationem
1056 536 1261 622 interrumpit
1274 537 1361 619 (uam
1375 536 1405 599 in

302 643 458 731 proximis
481 641 523 707 ad
545 645 618 708 Non
639 666 732 708 ruere
753 661 794 707 ex
820 641 929 726 priore
956 639 1069 706 borum
1096 659 1247 706 versuum
1272 637 1408 704 videmos

303 745 512 832 repetendum
536 747 618 828 est),
634 764 655 810 a
670 745 864 810 Lucretiana
886 742 1013 809 dicendi
1036 748 1106 810 arte
1127 741 1302 808 abhorret.
1322 761 1409 825 prae

303 857 394 916 terea
415 873 546 934 comque
574 847 635 914 nisi
667 867 737 914 cum
764 847 908 913 relativis
937 846 1140 912 coniunctum
1163 845 1279 928 lingna
1299 843 1411 910 Latina

303 972 369 1018 non
391 950 562 1034 agnoscit:
585 969 690 1035 neque
709 949 862 1016 Horatius
885 950 919 1015 in
942 949 1126 1014 carminum
1140 969 1162 1032 r,
1179 947 1222 1014 32
1244 947 1345 1033 potuit
1366 946 1411 1012 di·-

304 1073 377 1120 cere
398 1054 480 1118 mibi
491 1077 621 1140 cumque
635 1054 723 1119 solva
734 1052 863 1138 (volunt
877 1053 962 1118 enim
985 1051 1047 1118 boc
1061 1070 1135 1116 esse
1149 1049 1253 1116 ‘salve
1267 1051 1412 1135 quotiens

304 1165 335 1224 te
358 1156 515 1222 advooo’:
536 1161 570 1220 at
592 1175 648 1221 cur
669 1156 742 1240 lyra
764 1155 848 1220 alias
871 1155 901 1220 ei
924 1174 988 1220 non
1011 1153 1199 1238 salveat‘l),
1214 1154 1276 1219 sed
1291 1154 1413 1238 scripsit

304 1283 321 1324 o
333 1259 474 1324 loliorum
486 1257 587 1324 Dulce
599 1257 732 1324 lenimen
743 1257 957 1345 medaeamque
968 1257 1054 1324 salae
1064 1257 1138 1324 aba
1148 1258 1293 1324 coecati.
1310 1256 1343 1322 iu
1356 1257 1414 1322 Lu·

205 1423 207 1428 .
305 1361 392 1428 aretii
409 1381 441 1445 n,
455 1359 515 1425 721
532 1379 596 1424 non
612 1359 790 1426 tolerarunt
804 1358 889 1426 docti
905 1361 952 1426 itu
966 1384 1096 1447 cumque
1110 1373 1264 1425 ammaest
1280 1405 1289 1424 .
1308 1360 1414 1443 itaque

304 1465 332 1530 si
347 1464 431 1531 viam
454 1481 474 1528 a
490 1461 620 1528 Gitanio
644 1467 873 1546 monstratam,
889 1468 925 1528 ut
939 1468 1051 1528 cautos
1066 1461 1178 1544 decet,
1194 1460 1412 1546 declinamus,

306 1567 389 1632 dnae
416 1571 539 1632 restant
566 1565 707 1630 rationes
729 1565 844 1649 quibus
872 1565 903 1630 bi
926 1573 1063 1650 vorsus,
1085 1569 1162 1630 ante
1183 1583 1285 1648 quam
1308 1585 1413 1632 eornm

305 1670 386 1736 alter
408 1674 473 1733 tam
496 1669 630 1754 turpiter
652 1674 932 1754 corrumperetur,
955 1668 1038 1734 inter
1064 1685 1100 1733 se
1127 1667 1291 1734 coniuncti
1319 1667 1416 1734 luisse

304 1771 467 1858 potuerint
483 1793 491 1835 ι
513 1791 588 1838 narn
611 1778 666 1838 aut
687 1770 731 1836 ad
753 1770 881 1858 dilapso
895 1769 1037 1836 videmus
1052 1769 1198 1836 adiectus
1213 1769 1279 1836 luit
1293 1769 1415 1836 infiniti·

304 1896 385 1959 vus,
401 1875 507 1958 qualis
523 1881 573 1940 est
587 1873 719 1960 cadere,
735 1873 848 1940 autad
863 1875 1052 1940 monimento
1066 1875 1170 1938 viram
1185 1873 1313 1958 aliquid
1328 1872 1414 1940 addi-

304 1985 391 2063 tum‚
407 1975 494 2061 quod
508 1997 530 2042 a
544 1977 631 2056 Quos
651 1976 842 2062 pronomine
862 1976 895 2040 in
911 1975 1016 2060 capite
1030 1994 1142 2042 versus
1161 1976 1272 2061 posito
1288 1994 1415 2062 suspen·

304 2101 373 2147 sum
390 2080 490 2146 luisse
505 2077 675 2165 probabile
690 2085 757 2146 cst.
778 2086 812 2144 at
827 2077 938 2144 barum
954 2085 1069 2145 neuba
1082 2079 1208 2145 ratione
1223 2079 1365 2164 probata
1378 2099 1415 2144 ex

304 2185 343 2250 iis
375 2181 540 2250 vocabulis
568 2201 651 2264 quae
680 2181 867 2266 incorrupta
896 2187 1019 2248 restant
1046 2181 1228 2248 sententiae
1261 2201 1415 2248 summam

305 2287 423 2354 elicere
444 2303 636 2370 possumus,
657 2283 808 2367 qnoniam
828 2307 1006 2372 proporro,
1027 2283 1115 2367 quod
1137 2288 1188 2350 est
1208 2285 1298 2351 ultra
1319 2284 1415 2370 (llan-
1533 2283 1534 2296 ¹

306 2389 379 2456 dius
395 2387 479 2454 enim
496 2387 529 2452 in
545 2386 718 2452 Tursellini
740 2393 827 2452 tomo
843 2408 875 2450 rr
890 2408 922 2472 p.
934 2387 997 2454 608
1012 2386 1093 2452 mire
1109 2385 1270 2471 lallibrr),
1287 2393 1321 2454 et
1334 2393 1415 2454 retro

306 2497 452 2578 spectare
479 2495 585 2578 potest
607 2496 639 2556 et
661 2477 704 2554 ad
730 2487 959 2571 succedentia,
982 2513 1140 2556 commeare
1157 2495 1272 2554 antem
1299 2489 1415 2575 pariter

305 2613 510 2680 progressum
538 2593 656 2658 aetatis
683 2589 828 2658 indicare
855 2597 961 2676 potest
988 2597 1021 2658 et
1047 2590 1313 2658 decrementum.
1337 2609 1416 2675 qnae

306 2718 376 2764 oum
399 2697 446 2762 ita
468 2695 552 2778 sint,
568 2694 620 2760 hic
641 2713 695 2760 ars
718 2701 749 2760 et
772 2693 1002 2760 demonstratio
1024 2693 1128 2760 locum
1144 2713 1208 2760 non
1225 2693 1345 2780 babet,
1361 2693 1416 2760 sed

306 2799 483 2868 divinatio.
499 2817 577 2881 ergo
589 2796 763 2882 Marullus,
780 2816 852 2862 cum
867 2796 1060 2862 infinitivum
1073 2803 1265 2881 quaereret,
1281 2797 1316 2863 id
1332 2797 1417 2864 inre-

306 2904 354 2969 nit
372 2900 458 2986 qnod
478 2901 564 2966 serio
585 2899 721 2967 laudare
743 2917 838 2965 nemo
858 2899 1130 2986 potest,'drlopro
1143 2899 1289 2966 ridemus
1304 2897 1417 2968 Cedere

303 3027 459 3092 proporro
473 3003 635 3090 suumque
649 3027 806 3070 eocarere
821 3027 898 3068 ocra
914 3051 921 3066 .
942 3001 1146 3068 Abrabamus
1165 3009 1274 3067 autem
1290 3001 1416 3086 Prstge

306 3128 385 3192 rus,
408 3105 623 3190 Havercampi
646 3106 793 3188 amicus,
816 3104 866 3170 cui
890 3104 931 3169 de
952 3105 1143 3190 pronomine
1163 3104 1303 3172 relativo
1325 3105 1416 3171 subo-

306 3211 438 3294 luisset,
455 3207 536 3274 baee
546 3209 749 3294 ineptissima
760 3205 894 3290 effudit,
911 3207 1040 3294 delapso
1050 3207 1210 3290 videmos,
1226 3207 1319 3286 Quas
1329 3231 1417 3274 ram

302 3335 459 3400 proporro
474 3313 523 3376 ihr·
534 3335 651 3398 conque
665 3335 823 3378 senescere
838 3309 950 3376 medos
965 3358 973 3375 .
993 3309 1069 3374 mibi
1083 3359 1092 3391 ,
1107 3315 1143 3376 ut
1157 3308 1238 3375 nihil
1254 3309 1416 3375 adfirmari

307 3435 404 3500 posse
427 3412 589 3498 concedo,
612 3413 658 3479 ita
680 3414 877 3499 aptissimum
900 3411 948 3478 rei
971 3410 1097 3478 videtur
1120 3413 1208 3493 Quae
1229 3433 1327 3476 rona
1346 3435 1416 3499 pro

303 3541 401 3604 porro
424 3536 668 3588 vnnrnunreun
690 3540 848 3582 seamccre
862 3514 975 3586 credas
990 3563 998 3579 .
1014 3515 1142 3582 verdum
1158 3516 1342 3601 proximum
1357 3515 1416 3580 No

180 3623 182 3628 '
307 3620 378 3686 nius
401 3619 530 3686 exbibet
550 3640 582 3706 p.
596 3617 668 3702 225,
683 3619 745 3684 20.

392 3720 465 3790 318.
482 3743 581 3794 ouon
598 3743 697 3787 onan
710 3722 897 3788 Conrrsnr
913 3742 1086 3786 surnnxu
1101 3741 1267 3788 raanan.
1284 3743 1317 3786 sr
1331 3739 1416 3785 rno-

308 3847 427 3892 cesar
449 3847 495 3888 nx
518 3847 557 3889 sn
580 3823 726 3892 Ounno.
750 3824 905 3890 Marullus
928 3823 1015 3911 qaod
1035 3843 1161 3889 cassu
1182 3874 1190 3890 .
1213 3827 1266 3910 si,
1289 3824 1415 3909 quode
1480 3863 1486 3876 ·

306 3929 398 3994 libris
422 3928 542 3994 Italicis
565 3927 683 3994 excidit
698 3977 706 4004 ,
722 3926 763 3991 de
786 3927 969 3992 coniectura
991 3925 1180 3993 addideram
1196 3977 1205 4013 ,
1221 3948 1293 3994 cum
1316 3929 1350 3994 id
1372 3927 1415 4012 ip

307 4051 376 4096 sum
404 4031 438 4096 in
462 4037 599 4116 utroque
621 4029 780 4096 Vossiano
807 4028 959 4112 scriptum
986 4029 1082 4114 vidi3
1110 4030 1198 4114 quod
1224 4031 1415 4098 Marercam·

307 4152 388 4218 pus,
407 4135 513 4216 gentis
537 4133 682 4200 Batavse
706 4131 865 4214 dedecus,
886 4133 964 4198 tanti
989 4151 1054 4197 non
1076 4131 1169 4199 duxit
1190 4140 1225 4200 ut
1245 4133 1415 4199 dicendum

308 4233 509 4302 existimaret
525 4283 532 4299 .
549 4235 703 4300 Marullus
718 4255 783 4300 non
800 4234 882 4300 bene
897 4232 983 4320 qaod
992 4249 1142 4320 procreat
1151 4285 1160 4320 ,
1177 4236 1337 4302 Antonius
1351 4235 1414 4300 Ma-

308 4339 348 4404 rii
376 4337 447 4404 sine
475 4327 572 4403 sensu
594 4361 659 4424 qao
682 4351 823 4406 terram
844 4335 984 4420 pessime
1006 4335 1251 4424 Wakefieldns,
1274 4337 1412 4406 llichsta-

309 4440 364 4506 dio
387 4447 420 4507 et
442 4439 616 4523 l‘orbigero
638 4439 867 4524 plaudentibus
884 4488 891 4521 ,
907 4462 995 4506 omne
1017 4453 1198 4534 terrorum
1218 4460 1287 4508 cum
1311 4447 1412 4507 tamen
1531 4445 1532 4470 i

307 4544 426 4609 scirent
448 4543 577 4608 Pacuvii
602 4541 681 4608 baec
704 4561 796 4626 esse,
819 4544 888 4607 Hoc
908 4541 979 4608 nido
990 4591 999 4624 ,
1019 4545 1137 4609 circam
1155 4567 1315 4631 ramoque
1333 4537 1414 4629 qood
