3052 5144
593 482 623 548 11

59 661 89 719 ut
108 654 139 718 iit
160 655 213 718 ubi
236 653 301 718 uilo
324 655 388 719 iam
411 655 484 740 pius
507 659 555 720 est
578 653 663 736 quod
688 653 784 718 datur
805 653 889 718 intra

58 769 155 833 uitalis
176 789 277 835 venas
300 789 395 851 quam
419 769 504 851 quod
527 768 596 832 fluit
618 767 724 850 adque
748 767 888 832 recedit.

27 905 47 950 u
61 883 193 948 erunibus
216 883 268 948 his
289 889 380 949 aetas
403 883 499 948 debet
521 882 695 948 consistere
718 883 834 948 rebus:

60 998 103 1061 hia
122 1005 234 1062 natura
257 998 323 1064 suis
346 997 489 1063 refrenat
511 997 632 1062 viribus
654 1003 804 1062 auctum.

61 1131 123 1175 nam
145 1131 227 1194 quae
252 1131 385 1194 cumque
407 1111 498 1178 vides
522 1112 624 1176 hilaro
647 1113 863 1197 grandescere
885 1111 1023 1177 adauctu

62 1227 269 1309 paulatimque
292 1227 412 1308 gradus
434 1227 550 1292 aetatis
573 1227 727 1292 scandere
752 1226 904 1309 adultae,

61 1341 141 1424 plura
162 1341 221 1406 sibi
245 1339 419 1405 adsumunt
442 1361 537 1422 quam
562 1341 601 1406 de
624 1361 659 1406 se
683 1361 817 1426 corpora
839 1340 986 1418 mittunt,

27 1475 47 1520 u·
61 1455 125 1518 dum
146 1453 239 1520 facile
261 1455 294 1519 in
317 1474 417 1520 venas
440 1456 530 1520 cibus
553 1455 656 1520 omnis
682 1456 818 1540 inditur,
836 1462 867 1520 et
890 1455 965 1520 dum

61 1589 115 1632 nou
133 1569 176 1634 ita
197 1576 272 1635 sunt
294 1569 361 1635 late
384 1567 550 1652 dispersa,
569 1575 603 1634 ut
624 1571 723 1636 muita
746 1569 908 1636 remittant

61 1691 86 1747 et
105 1685 170 1768 pius
192 1685 339 1770 dispendi
363 1683 484 1749 faciant
507 1705 603 1765 quam
626 1687 766 1750 vescitur
788 1691 900 1749 aetas.

61 1818 124 1862 uam
145 1805 228 1865 certe
250 1799 350 1865 fluere
373 1799 480 1880 adque
503 1797 653 1864 recedere
676 1819 813 1884 corpora
836 1799 931 1864 rebus

63 1913 147 1977 muita
166 1935 282 1978 manus
305 1911 448 1978 dandum
470 1919 537 1978 cst:
556 1913 613 1977 sed
635 1914 729 1996 plura
752 1911 906 1978 accedere
928 1912 1068 1994 debent,

28 2027 149 2092 adunca
169 2027 336 2094 alescendi
360 2049 516 2094 sumntum
539 2029 672 2112 tetigere
696 2047 871 2092 cacumen.

63 2139 123 2205 inde
142 2143 320 2208 minutatim
343 2141 427 2207 vires
450 2149 481 2208 et
503 2143 598 2208 robor
622 2144 764 2207 adultum

69 2253 165 2340 trangit
186 2265 217 2324 et
239 2258 273 2322 in
298 2263 421 2342 partem
444 2258 585 2340 peiorem
607 2257 738 2340 liquitur
761 2261 876 2322 aetas.

69 2371 162 2454 quippe
184 2373 303 2438 etenim
327 2378 447 2454 quanto
470 2379 518 2437 est
539 2390 591 2436 res
615 2373 771 2455 arrrpiicr.
788 2370 939 2455 augmine
961 2371 1133 2456 adempto,

67 2489 91 2545 et
109 2505 163 2566 quc
184 2487 283 2552 latiur
305 2487 372 2562 esi,
389 2487 419 2550 in
443 2493 575 2552 cunctas
598 2485 739 2567 undique
763 2486 863 2570 partis

29 2616 53 2662 uu
66 2597 142 2680 plura
161 2601 259 2666 modo
283 2601 440 2684 dispargit
462 2607 494 2664 et
516 2601 557 2664 ab
580 2620 615 2665 se
638 2619 773 2685 corpora
796 2601 908 2684 mittit,

65 2731 113 2776 nce
132 2713 221 2781 facile
243 2716 279 2778 in
302 2735 403 2780 venas
426 2715 516 2780 cibus
540 2715 643 2779 omnis
664 2713 781 2779 diditur
804 2715 854 2790 ei,

65 2845 113 2890 nec
132 2830 207 2895 satis
229 2835 301 2912 est,
318 2849 376 2913 pro
400 2849 497 2911 quam
518 2830 627 2912 largos
650 2833 817 2894 exaestuat
839 2833 967 2897 aestus.

65 2941 135 3006 uude
157 2953 252 3026 queat
273 2950 395 3008 tantum
419 2943 554 3008 suboriri
577 2961 614 3007 ac
637 2941 863 3026 subpeditare.

65 3051 120 3118 iure
140 3055 232 3138 igitur
257 3065 411 3143 pereunt,
428 3078 498 3123 cunr
521 3055 683 3122 rarefacta
706 3055 834 3121 fluendo

31 3181 53 3225 a
66 3175 125 3232 suut
145 3179 174 3236 et
195 3195 267 3238 eum
291 3172 431 3239 externis
453 3173 664 3237 succumbunt
683 3171 790 3234 aurinia
813 3170 940 3254 plagis;

66 3285 310 3370 quandoquidem
333 3286 449 3370 grandi
472 3287 561 3352 cibus
584 3306 664 3350 aevo
688 3286 827 3366 denique
851 3284 944 3368 defit,

65 3413 115 3460 uec
133 3401 299 3468 tuditantia
321 3422 388 3469 rem
413 3409 541 3468 cessant
563 3401 761 3464 extrinsecus
783 3401 881 3480 utiam

67 3527 184 3596 corpora
206 3517 363 3582 conticere
386 3525 418 3582 et
439 3517 546 3602 plagis
568 3517 687 3583 infesta
710 3516 864 3581 domare.

98 3627 143 3690 Sic
162 3629 258 3714 igitur
280 3632 385 3716 ruagni
410 3651 536 3714 ‹puoque
560 3634 675 3698 circum
699 3631 828 3696 ruroenia
848 3629 957 3694 muudi

33 3751 56 3796 u
69 3753 236 3824 expugnata
259 3746 382 3810 dabunt
404 3748 510 3812 labem
534 3747 698 3831 putrisque
720 3746 850 3810 ruinas:

68 3855 158 3920 emnia
178 3859 273 3926 debet
295 3862 378 3925 enim
402 3861 492 3927 cibus
514 3862 676 3943 integrare
699 3859 848 3925 novando

71 3971 95 4026 ct
113 3967 216 4040 fulcire
239 3975 349 4058 cibus,
367 3975 456 4041 cibus
479 3975 586 4040 omnia
610 3980 809 4057 sustentare,

70 4096 102 4142 ue
122 4085 286 4172 quiquam,
304 4089 454 4171 quoniam
477 4109 538 4156 nec
560 4109 662 4154 venae
685 4089 904 4174 perpetiuntur

77 4343 130 4394 ura
142 4347 204 4400 hilar
223 4349 236 4422 ΙΙ
260 4357 325 4404 1124
340 4370 400 4404 cora
419 4351 433 4423 11
455 4357 521 4404 1129
535 4355 625 4406 debet.
646 4355 659 4424 ΙΙ
684 4357 749 4406 1135
763 4369 817 4404 ase
837 4351 851 4422 Η
873 4355 938 4403 1136
952 4353 1052 4403 deditur
1071 4351 1084 4421 ΙΙ
1107 4353 1172 4402 1138

75 4441 154 4490 queant
172 4435 183 4504 ΙΙ
207 4443 271 4491 11⁴5
291 4441 371 4505 putris
392 4438 404 4508 Η
427 4445 491 4491 1141
511 4443 582 4492 cibus
600 4444 694 4494 semel.
716 4441 729 4510 ΙΙ
753 4444 818 4492 1148
838 4441 890 4490 Nec
