3020 5146
526 481 553 544 V

30 651 187 716 uiderem
209 672 272 716 una
295 651 432 716 scintilla
457 651 606 716 incendio
629 652 769 735 possim.

30 767 116 830 miton
138 787 155 833 e
176 787 269 834 roseo
292 767 341 832 sol
364 767 428 832 alte
451 766 601 851 lampade
624 767 735 832 iuuene

30 879 140 945 resideat
162 883 290 947 multum
314 883 419 948 oaeois
443 880 621 947 fervoribus
643 883 749 963 ignem

30 1015 99 1058 reum
120 1014 171 1072 se,
187 997 273 1062 nulio
298 999 352 1079 qui
375 997 416 1062 sit
438 996 564 1080 fulgore
586 1002 734 1081 notatus,

30 1107 109 1174 rstifer
129 1117 161 1174 ut
181 1117 304 1176 tantum
328 1112 487 1177 radiorum
512 1117 672 1194 exaugeat
695 1112 809 1177 ictum.

38 1223 88 1288 Nee
108 1225 182 1290 ratio
205 1227 283 1293 solis
306 1225 440 1310 simplex
464 1225 579 1290 rellata
602 1225 755 1310 patescit,

30 1357 55 1399 m
74 1347 153 1421 paeto
174 1343 306 1408 aestivis
330 1363 348 1406 e
371 1341 513 1425 partibus
536 1341 738 1422 aegocerotis

30 1453 130 1518 mordis
149 1457 246 1522 adeat
268 1457 372 1522 flexus
396 1463 492 1539 atque
514 1455 589 1520 inde
613 1461 775 1520 revertens

30 1569 89 1630 mori
109 1589 140 1634 se
162 1577 195 1636 ut
215 1577 322 1636 vertat
345 1577 447 1636 metas
470 1571 512 1636 ad
534 1568 730 1654 solstitialis,

30 1699 116 1764 touque
136 1687 297 1752 mensibus
319 1685 353 1750 id
375 1685 514 1772 epatium
536 1683 683 1796 rideatur
706 1685 813 1767 obire,

30 1813 90 1860 mua
109 1800 150 1863 eoi
171 1801 203 1865 in
226 1821 290 1884 quo
315 1801 470 1866 eousumit
493 1805 638 1884 tempora
661 1819 775 1865 eursu.

30 1927 71 1992 ou,
85 1911 201 1996 inquam
216 1969 223 1994 ‚
240 1917 378 2002 simplex
402 1916 451 1982 his
474 1915 569 1980 rebus
591 1911 716 1978 redditu
740 1923 887 1979 deusest.

30 2041 64 2086 ur
82 2029 139 2092 fieri
159 2031 207 2096 vel
232 2031 439 2117 cumprimis
462 2030 495 2095 id
518 2049 612 2113 posse
636 2027 776 2110 ridetur,

30 2143 148 2208 temorriti
171 2147 255 2229 quod
281 2153 393 2212 saneta
415 2146 475 2211 viri
498 2145 653 2210 sententia
676 2142 785 2226 ponit,

30 2263 101 2328 rum
120 2281 263 2345 quaeque
289 2263 392 2345 magis
415 2263 477 2327 sint
499 2267 616 2324 terram
640 2257 746 2322 sidera
769 2265 918 2342 propter,

30 2372 81 2432 arto
96 2393 177 2454 posse
201 2377 309 2443 minus
332 2399 401 2443 eum
427 2375 509 2443 eaeii
532 2374 658 2439 turbine
682 2371 780 2436 ferri:

30 2497 167 2557 rarescere
190 2493 278 2557 enim
300 2493 430 2578 rapidas
452 2493 538 2557 iilius
562 2495 592 2554 et
614 2487 698 2553 aerio

31 2599 121 2666 umiuui
140 2613 247 2691 supter
272 2607 368 2686 viris,
385 2609 522 2690 ideoque
545 2605 679 2686 relinqui

31 2713 132 2780 rotatim
152 2721 250 2786 solem
277 2741 346 2786 oum
370 2720 590 2806 posterioribu’
616 2719 735 2804 siguis,

32 2821 113 2894 riorior
131 2835 224 2902 muito
249 2837 336 2918 quod
359 2837 398 2902 sit
422 2855 516 2918 quam
541 2833 664 2898 fervide
687 2835 799 2918 signa.

33 2945 135 3023 {magis
155 2947 214 3014 hoe
236 2949 368 3015 lunam:
386 2957 503 3032 quanto
528 2947 697 3013 demissior
719 2948 786 3012 eius

34 3071 96 3121 usus
115 3061 199 3128 abest
221 3062 335 3149 procul
357 3081 377 3126 a
400 3062 490 3128 oaelo
513 3061 669 3142 terrisque
692 3061 907 3145 propinquat,

34 3177 76 3232 uto
96 3193 182 3256 poree
205 3167 310 3243 minus
334 3197 403 3242 oum
428 3177 528 3262 signio
550 3175 682 3240 tendere
706 3195 853 3241 oursurrr.

35 3287 157 3354 rreidiore
179 3291 296 3357 etenim
320 3297 437 3374 quanto
462 3291 526 3356 iam
549 3290 674 3355 turbine
697 3289 798 3355 fertur

35 3393 116 3466 durior
137 3425 228 3487 quam
253 3407 301 3472 soi
316 3456 323 3489 ‚
339 3411 429 3470 tuoto
453 3405 556 3489 magis
579 3406 686 3470 omnia
710 3405 803 3487 sigua

36 3527 74 3574 uro
93 3517 302 3602 adipiscuntur
324 3521 460 3604 eircum,
477 3525 668 3604 praeterque
692 3521 854 3584 seruntur.

37 3637 153 3706 mutereo
174 3635 207 3698 fit
231 3642 265 3698 ut
287 3633 366 3700 haee
389 3633 430 3700 ad
454 3635 578 3716 siguum
603 3633 753 3717 quodque
776 3637 891 3701 reverti
934 3709 942 3716 ,

39 3739 129 3809 utilius
151 3747 312 3833 rideatur,
330 3749 373 3814 ad
397 3749 479 3814 hano
502 3749 578 3832 quia
601 3751 695 3831 sigua
719 3751 881 3816 revisunt.

38 3867 162 3940 toroque
185 3867 217 3926 ut
240 3865 388 3928 emundi
412 3863 603 3929 transversis
626 3867 769 3947 pudibus
792 3873 845 3931 adr

40 3971 114 4036 tomis
134 3983 216 4042 oerto
239 3977 337 4044 fluere
359 3979 441 4043 aiter
463 3983 607 4063 tempore
629 3978 750 4063 possit,

40 4077 54 4140 ti
71 4097 153 4164 queat
174 4093 304 4160 aestivis
325 4093 424 4160 solem
449 4092 620 4159 detrudere
643 4093 744 4177 signis

40 4201 137 4268 maus
159 4225 261 4289 usque
283 4210 325 4275 ad
347 4207 449 4274 flexus
470 4207 675 4291 gelidumque
699 4207 857 4288 rigorem,

43 4437 55 4478 ‘t
70 4451 88 4488 ot
113 4502 115 4509 Ι
135 4449 181 4496 613
201 4449 339 4500 Αεεῑίἰθτίιι
359 4451 371 4520 ΙΙ
393 4455 443 4502 Gli
462 4461 530 4503 rectu
550 4449 564 4520 ΙΙ
585 4453 633 4499 til?
655 4449 774 4500 Concor-is
794 4459 820 4500 ut
840 4449 853 4518 Η
874 4453 923 4500 632
944 4451 1019 4498 etium

864 4557 900 4616 12
