3096 5142
311 355 376 425 250
842 354 886 420 IV

311 528 450 614 aliquis,
466 539 495 593 et
509 526 677 614 quaepiam
688 525 836 612 aliquae,
851 563 887 574 —-
902 525 1031 591 dubium
1046 549 1109 591 uou
1120 539 1184 592 eet.
1199 524 1347 591 Marullus
1360 523 1408 591 tle·
1528 491 1529 514 i

312 630 360 696 dit
373 631 432 696 me
450 629 558 716 atique
576 641 612 695 ut
628 651 780 715 sepau,
801 627 837 694 id
858 632 908 694 eet
930 625 1020 713 (nam
1041 627 1216 696 Lambinus
1236 646 1299 693 non
1320 625 1409 712 oepit)
1528 631 1529 648 *

312 731 356 798 Ut
370 737 459 799 extat
473 732 582 820 utique
597 729 755 816 serpentis
769 730 918 816 speeies.
939 729 997 797 sed
1019 749 1082 815 ogo
1104 733 1212 817 miqae
1232 729 1410 816 partialem
1528 777 1529 826 3

312 841 348 901 ut
367 854 389 900 a
409 834 499 900 nullo
521 839 688 920 poetarum
710 832 744 899 in
766 853 863 900 versu
884 833 1024 918 positam
1046 833 1173 918 repperi
1193 837 1280 913 (nam
1293 831 1325 898 in
1340 830 1411 900 (loo
1528 829 1529 844 ¹

312 937 378 1006 oilii
402 956 498 1004 versu
520 937 575 1020 qui
595 941 645 1004 est
659 935 747 1021 apud
761 936 892 1003 Festum
906 956 939 1021 p.
950 935 1024 1020 339,
1035 935 1078 1001 32
1100 942 1187 1002 reolo
1202 935 1360 1002 Bentloius
1373 931 1412 1000 al
1528 933 1529 956 ¹

313 1038 477 1124 Adelphos
492 1060 535 1124 nv,
547 1039 577 1123 2,
588 1037 632 1106 52
652 1063 772 1126 aeque:
788 1039 821 1104 in
843 1037 926 1104 libro
942 1059 977 1102 ιιι
994 1037 1067 1104 Silii
1081 1038 1142 1105 163
1161 1040 1268 1124 utique
1287 1042 1333 1104 est
1352 1056 1412 1104 eor·

312 1141 444 1209 reotoris
466 1141 605 1226 imperiti
630 1139 841 1224 figmentum:
862 1143 895 1205 in
916 1140 1056 1208 Lucretii
1075 1162 1109 1224 11,
1124 1141 1189 1208 569
1216 1160 1277 1226 pro
1297 1142 1412 1226 itaque,

312 1244 400 1330 quod
423 1249 472 1310 est
497 1249 665 1327 veterum,
687 1243 848 1310 Antonius
870 1241 965 1308 Marii
989 1247 1022 1308 et
1042 1241 1197 1310 Marullus
1218 1245 1335 1330 meam)
1350 1291 1358 1326 ,
1372 1242 1414 1306 ita

312 1364 427 1414 vereor
448 1365 489 1412 ne
511 1345 620 1412 media
640 1345 771 1431 syllaba
791 1344 949 1429 prodnota
970 1344 1108 1412 dioenda
1128 1345 1191 1429 sit,
1207 1364 1302 1429 qoem
1316 1343 1414 1410 admo

313 1449 389 1515 dum
416 1447 502 1514 idom
530 1447 696 1514 Bentleius
724 1445 803 1512 mihi
830 1447 864 1514 in
891 1446 1034 1514 Terentii
1056 1447 1185 1533 Heoyrs
1203 1469 1238 1533 11,
1252 1448 1316 1532 t,2
1337 1451 1368 1513 ot
1386 1445 1415 1512 in

313 1550 507 1618 Phormione
521 1571 551 1635 v,
564 1551 594 1636 6,
607 1550 650 1616 34
670 1551 740 1617 atla
755 1554 935 1634 eorreptum
959 1555 1046 1616 reate
1060 1549 1189 1616 videtur
1204 1549 1414 1636 improbasse,

312 1671 507 1738 quamquam
533 1652 664 1720 Reinius
691 1651 843 1718 toleravit
873 1651 907 1716 in
934 1651 1083 1720 Rudente
1103 1673 1147 1735 ιν,
1167 1650 1199 1737 4,
1225 1653 1293 1720 19.
1317 1653 1416 1737 atique

312 1761 420 1822 autem
442 1755 655 1840 antiquissimi
677 1753 926 1838 maduerunt,
943 1774 986 1820 ne
1001 1754 1122 1822 caesar
1140 1753 1293 1838 quidem,
1309 1752 1416 1820 nedum

314 1857 392 1924 Cato
409 1907 416 1941 ‚
434 1858 483 1924 oui
507 1858 618 1926 tribuit
638 1857 788 1926 librarius
811 1857 897 1924 Festi
919 1877 951 1943 p.
966 1857 1040 1942 305,
1059 1857 1119 1941 143
1138 1857 1242 1922 Varro
1264 1857 1298 1921 in
1319 1873 1416 1921 remu

313 1961 504 2026 rustioarnm
525 1959 616 2026 libris
638 1959 857 2044 aliquotiens,
877 1981 911 2044 ιι,
922 1959 954 2042 4,
970 1959 991 2024 3
1006 1959 1046 2024 21
1065 1959 1115 2044 10,
1130 1959 1167 2024 11
1183 1981 1232 2043 ιιι,
1249 1957 1416 2043 7,612,7,

314 2061 501 2147 Vitruvius,
521 2063 550 2128 si
572 2062 653 2128 satis
675 2061 822 2145 attondi,
844 2061 895 2127 bis
917 2061 1106 2146 v,1o,14,
1127 2059 1296 2128 Cornelius
1317 2059 1417 2142 Nepos

313 2165 433 2248 semel,
449 2163 619 2232 Sallustius
641 2165 675 2230 in
697 2163 898 2250 Iugurthae,
913 2163 929 2228 1
944 2212 951 2228 .
967 2169 1065 2247 alque
1078 2162 1113 2230 id
1127 2162 1322 2230 rotabulum
1337 2212 1345 2247 ‚
1363 2158 1418 2226 nisi

308 2267 436 2350 lallor,
459 2287 523 2352 quo
545 2273 691 2353 tempore
712 2267 848 2352 primum
870 2267 906 2332 in
926 2285 1106 2334 sermonem
1129 2265 1297 2349 uulgarem
1318 2264 1417 2345 venit,

313 2369 374 2436 hoo
389 2375 438 2436 est
450 2369 614 2436 Oioeronis
626 2375 756 2454 aetate,
773 2369 828 2452 qui
843 2387 903 2453 eo,
920 2374 1075 2453 quantum
1086 2368 1174 2452 seio,
1189 2373 1417 2453 praeterquam

313 2473 346 2538 in
373 2473 519 2558 epistolis
547 2479 579 2538 et
604 2471 646 2538 de
672 2471 873 2538 divinatione
894 2493 928 2556 ιι,
947 2471 1009 2536 120
1024 2490 1096 2536 non
1117 2470 1242 2552 utitur,
1266 2489 1331 2536 non
1355 2467 1418 2534 sine

313 2575 383 2641 iooo
399 2575 537 2659 quodam
554 2573 739 2658 dioebatnr,
756 2593 829 2641 oum
842 2573 1040 2660 signifioaret
1055 2573 1135 2640 haee
1149 2572 1341 2639 mirabiliter
1354 2589 1419 2635 eon·

313 2683 436 2759 traete,
453 2691 481 2744 et
495 2679 541 2744 ita
552 2676 679 2764 quidem
689 2679 741 2743 uti
748 2689 888 2763 oportet:
903 2675 1082 2742 derivatum
1095 2681 1145 2742 est
1155 2675 1243 2741 enirn
1255 2695 1296 2741 ex
1312 2673 1418 2738 formu·

312 2780 353 2846 lis
369 2779 581 2846 sollemnibus
595 2779 876 2846 instrumentorum
891 2777 1113 2863 publioorum,
1130 2777 1244 2860 qualos
1259 2783 1333 2844 sunt
1346 2798 1418 2862 qaae

314 2885 421 2970 utique
432 2882 484 2948 vel
496 2883 610 2970 quibus
622 2882 748 2968 utique,
764 2893 857 2967 atque
868 2881 996 2967 ulique,
1012 2903 1078 2946 aas
1090 2878 1168 2945 odor
1179 2903 1257 2945 meaa
1268 2877 1337 2944 aad
1347 2899 1417 2942 aaa·

313 3009 458 3070 mamea,
474 2985 524 3050 alo
539 2984 607 3050 aad
618 3007 829 3050 ammonem.
845 2982 891 3049 ita
904 2981 1042 3066 legimus
1055 2981 1089 3048 in
1099 2981 1307 3049 Heraoleeusi
1318 2979 1419 3046 tabula

313 3109 335 3172 1,
350 3087 390 3152 14
410 3086 579 3173 eademque
593 3089 699 3154 muana
718 3109 799 3172 quae
814 3087 938 3172 uteique
953 3086 988 3150 e'a
1004 3085 1129 3150 tabulae
1142 3085 1317 3167 romulam,
1332 3085 1376 3149 iu
1387 3082 1418 3146 ia

314 3191 453 3256 tabulam
475 3191 509 3254 t'u
531 3187 637 3254 album
658 3187 833 3276 referunda
854 3187 991 3273 (aurato)
1006 3211 1018 3271 ,·
1035 3186 1112 3254 ilem
1127 3207 1148 3270 1,
1160 3186 1202 3251 72
1224 3211 1300 3254 aeuo
1321 3206 1417 3252 eorum

314 3292 400 3380 quod
412 3292 524 3376 (immo
540 3290 639 3376 qut'd)
660 3303 801 3377 saeptma
816 3289 996 3356 clausumve
1017 3289 1149 3373 tabem,
1171 3313 1234 3376 qua
1256 3291 1358 3354 mmus
1376 3285 1416 3352 σὺ

314 3393 408 3460 locem
415 3393 654 3480 parmamque
663 3393 803 3480 populus
817 3405 925 3458 atatam
935 3403 1103 3478 pateauloe
1117 3441 1126 3474 ,
1141 3392 1211 3456 aiei
1222 3393 1336 3478 ambra
1349 3387 1416 3454 utel·

314 3519 374 3582 qao
389 3495 509 3580 leuibus
519 3493 759 3581 ptolemaeum
770 3507 933 3560 seuamoae
944 3493 1094 3559 consultae
1105 3494 1283 3562 aouceesum'
1294 3489 1415 3579 pertum-

314 3620 419 3662 eumve
431 3609 498 3679 est‚·
512 3603 544 3662 ot
559 3595 593 3661 in
608 3596 682 3679 logo
693 3595 814 3660 Thoria
826 3595 865 3660 ‘ll
879 3595 921 3660 ’12
935 3595 1023 3662 ueiue
1037 3631 1073 3642 -
1080 3597 1235 3683 propiore
1246 3595 1299 3662 die
1309 3593 1415 3682 aos'qlm

314 3711 407 3784 atque
418 3699 542 3784 meique
556 3699 591 3764 ia
606 3697 664 3763 boo
676 3699 742 3785 leae
752 3698 904 3784 seriptum
915 3709 978 3763 est.
993 3735 1029 3745 —
1044 3697 1130 3784 quod
1137 3701 1297 3785 pequmae
1306 3698 1341 3764 ob
1355 3717 1415 3762 eam

314 3825 379 3866 rma
388 3802 542 3886 propiore
557 3799 609 3866 die
623 3813 765 3866 eaaotum
782 3800 841 3866 ere't
854 3812 949 3885 atque
963 3801 1089 3888 ulet'qae
1104 3802 1139 3866 s'u
1160 3802 1220 3867 lma
1241 3801 1308 3888 leae
1325 3797 1413 3880 romb

315 3915 380 3967 tum
394 3915 458 3967 est.
476 3937 517 3948 —
529 3925 640 3988 quoea
651 3903 845 3988 pequam·-
858 3900 952 3966 aliter
967 3904 1132 3989 momatur
1146 3915 1239 3990 atque
1253 3903 1372 3988 oletque
1384 3897 1414 3960 m

315 4007 374 4069 loo
389 4005 455 4090 leye
470 4005 622 4090 seriptum
637 4017 682 4069 est
697 4053 705 4071 .
724 4003 786 4069 hoo
800 4003 906 4088 ipsum
921 4016 1015 4090 atque
1029 4006 1138 4093 utique
1155 4005 1190 4070 in
1206 4003 1306 4070 Milite
1320 3995 1413 4066 Plauti

316 4107 453 4190 1v‚3‚3l
477 4106 638 4172 sententia
658 4105 823 4190 admittit,
841 4105 965 4171 numeri
988 4112 1162 4190 reomaut3
1180 4105 1236 4172 ubi
1257 4124 1326 4172 oum
1347 4096 1412 4165 libri

316 4209 458 4275 habeant
476 4207 643 4294 Numquid
655 4208 780 4275 uidetur
795 4209 956 4274 demutare
971 4221 1026 4274 out
1041 4211 1148 4296 utique
1162 4209 1250 4274 Dt'eet‘
1259 4230 1324 4273 esse
1336 4201 1412 4270 mlle

316 4311 436 4378 dudum
450 4310 532 4376 luae
546 4309 704 4376 moeolum
713 4311 870 4376 militen?
883 4309 1091 4378 scribendum
1102 4309 1248 4376 existimo
1259 4297 1413 4390 Numquid

315 4413 440 4480 uidetur
450 4411 610 4478 demutare
621 4411 686 4476 alio
697 4423 790 4498 atque
801 4413 852 4477 uti
858 4413 945 4477 Diei
952 4413 968 4478 l
981 4418 1015 4476 ut
1025 4411 1146 4478 itidem
1157 4417 1207 4478 ost
1220 4431 1262 4494 rr,
1272 4407 1329 4492 l,8
1343 4403 1411 4470 ora·

316 4517 358 4584 u'o
380 4515 444 4580 alio
462 4512 544 4579 milti
555 4511 774 4579 demutandast
794 4538 886 4580 mea.
907 4511 965 4579 sed
987 4513 1085 4598 plane
1107 4507 1409 4592 similem'originen
