3036 5150
628 365 661 430 11
1180 367 1221 434 89

201 540 270 608 251.
294 559 394 604 noro
428 559 672 602 conucrrrua
705 537 931 604 ounrs.ltali
964 545 996 604 et
1026 538 1222 604 Veronensis

129 644 213 710 editio
233 665 376 709 sorus.

199 748 269 814 252.
293 747 345 812 Er
371 765 516 808 vernas
537 765 729 809 nxoarrna
754 765 877 808 novus
908 763 1051 808 oanrnn
1075 765 1221 809 cnara.

127 851 188 917 Itali
209 851 351 917 emoritur
372 871 494 934 semper
516 871 633 931 nonus,
656 868 737 932 quos
759 854 909 913 secuntur
924 847 1092 932 impressi.
1109 849 1222 914 melius

127 961 167 1020 est
185 956 224 1020 Et
245 966 346 1019 vetere
368 971 513 1014 exacuo
536 951 678 1015 escrricr
700 975 817 1016 novos.
838 949 880 1016 de
905 951 1145 1035 praepositione
1168 971 1222 1034 ge·
1326 961 1330 970 ’

128 1057 238 1122 minata
260 1054 330 1120 dixi
353 1054 387 1118 in
409 1053 471 1119 tine
493 1052 567 1118 libri
589 1053 704 1136 primi.

200 1157 886 1226 253—-304uacnacr1nmn0-
910 1179 1059 1222 -carus
1094 1179 1222 1222 oucnn

126 1285 278 1328 urrann
298 1262 390 1328 .Hos
416 1278 529 1325 vorsus
552 1279 595 1322 un
621 1257 672 1324 hic
699 1259 846 1324 omittunt
872 1259 1049 1343 quadratus
1078 1268 1109 1325 et
1135 1260 1226 1326 schc-

126 1364 186 1452 dae,
216 1365 275 1432 sed
298 1365 383 1430 liber
403 1369 537 1445 uterque
559 1360 656 1427 habet
678 1360 711 1425 in
733 1361 796 1427 fine
818 1363 1011 1446 voluminis,
1034 1368 1069 1428 ut
1089 1363 1156 1428 dixi
1179 1363 1222 1428 ad

125 1467 226 1534 librom
247 1491 268 1552 1,
293 1468 375 1534 734.
391 1466 514 1532 scilicet
536 1464 568 1528 in
591 1463 701 1529 codice
716 1463 892 1550 archetypo
908 1465 989 1530 haec
1011 1463 1071 1531 luit
1086 1466 1159 1532 libri
1176 1485 1223 1531 sc

126 1571 209 1637 condi
224 1571 416 1638 membrana
437 1574 550 1634 sexta:
567 1585 640 1631 nam
657 1567 782 1652 priores
799 1570 938 1653 quinque
961 1575 1132 1634 tenuerunt
1153 1587 1222 1634 ver-

125 1693 170 1738 sus
194 1679 310 1760 poetae
338 1695 420 1737 cccrr
449 1677 481 1738 et
507 1675 677 1756 praeterea
707 1671 919 1755 capitulorum
947 1692 1059 1737 vorsus
1086 1693 1159 1756 vrrr,
1188 1677 1223 1736 ut

125 1796 158 1842 ex
182 1777 294 1843 horum
324 1775 432 1842 indice
454 1779 611 1858 apparet.
629 1791 706 1856 ergo
729 1773 824 1839 huius
846 1773 918 1838 libri
941 1775 1075 1839 secundi
1097 1773 1224 1838 initium

126 1879 176 1945 luit
196 1882 228 1945 in
251 1880 376 1965 pagina
397 1883 504 1944 recta.

196 1983 270 2049 257.
293 2003 401 2046 rarrs
427 2000 571 2044 avorsa
600 1999 809 2063 recurras,
837 1980 913 2044 Pan
936 2001 1036 2052 Qnrn
1059 1999 1222 2042 rnocna·

123 2107 229 2151 norun
253 2107 328 2157 ooo
351 2105 468 2148 nucrr
490 2103 672 2154 sunnone
695 2102 890 2146 vonunrss
905 2132 912 2147 .
929 2084 967 2149 In
983 2083 1032 2149 his
1048 2081 1222 2148 Marullum

124 2207 179 2252 non
194 2189 340 2254 haesisse
356 2188 470 2252 mirum
486 2191 556 2251 est:
573 2183 747 2250 Lambinus
763 2203 833 2250 cum
853 2186 1039 2272 voluptatem
1062 2191 1094 2251 et
1115 2187 1222 2251 colun-

123 2305 203 2357 tstsm
225 2296 454 2357 commutasset
476 2287 582 2374 (quod
604 2307 688 2352 nunc
709 2287 805 2354 video
827 2288 892 2352 iam
915 2295 989 2353 ante
1012 2309 1083 2354 cum
1106 2288 1222 2355 iecisse

121 2393 317 2460 Franciscum
333 2394 491 2460 Medicam
509 2412 530 2456 a
545 2390 684 2456 Victorio
701 2389 869 2455 laudatum
885 2390 927 2456 ad
943 2390 1097 2458 Varronis
1113 2412 1220 2458 rerum

123 2497 300 2564 rusticarum
323 2519 344 2581 1,
371 2499 418 2578 ll,
441 2496 489 2578 6),
513 2500 636 2560 ceteros
653 2494 682 2558 ei
699 2493 858 2560 adsensos
874 2513 944 2560 esse
961 2515 1024 2559 uon
1047 2495 1142 2560 nimis
1164 2496 1220 2560 mi-

11 2597 12 2602 ’
122 2618 186 2664 ror.
208 2601 268 2666 sed
297 2599 495 2682 Lambinus,
524 2597 587 2661 nisi
614 2597 839 2681 intempestive
869 2597 1066 2662 meminisset
1086 2597 1221 2681 Vergilii

121 2720 183 2768 esse
204 2705 303 2770 trabit
325 2727 384 2767 sna
407 2724 559 2788 quemque
581 2699 745 2785 voluptas,
769 2699 956 2783 intellegere
971 2705 1099 2784 poterat
1113 2701 1220 2788 volup·

121 2809 173 2872 tati
195 2809 227 2872 in
255 2811 371 2870 neutro
394 2801 535 2868 membro
558 2802 662 2866 locum
690 2821 781 2868 esse:
798 2821 873 2867 nam
895 2803 1010 2885 nequis
1033 2805 1220 2870 volontatem.

9 2949 10 2971 2
113 2908 235 2993 utrique
252 2907 372 2973 inferat
392 2904 568 2972 verendum
591 2924 655 2970 non
679 2909 746 2971 est.
764 2909 901 2989 apparat
923 2905 1126 2972 scribendum
1149 2926 1220 2973 case

119 3011 189 3086 fatri
215 3011 327 3077 avons
349 3029 557 3093 rorasras3
587 3005 672 3092 qnod
695 3008 792 3092 plane
815 3005 980 3072 confirmat
1002 3027 1115 3073 versus
1137 3009 1220 3101 286,
1268 3093 1275 3108 ·

120 3111 194 3178 ande
215 3115 293 3180 daec
317 3126 361 3177 est
382 3112 471 3176 nobas
491 3113 602 3176 ennato
623 3123 781 3196 potestas.

195 3217 268 3282 264.
292 3235 542 3278 raonurrraaa
558 3233 719 3284 Quorum
734 3213 807 3278 Vru
823 3235 994 3278 corruam
1011 3235 1084 3278 run
1100 3235 1146 3278 na
1162 3237 1221 3280 su-

120 3337 219 3384 nrro.
236 3319 312 3384 Itali
328 3323 361 3383 et
375 3317 551 3383 Brixiensis
568 3315 666 3382 editio
681 3337 881 3387 senonen.
897 3319 1023 3383 Nonius
1043 3339 1074 3402 p.
1090 3319 1163 3399 517,
1182 3321 1222 3386 10

8 3452 13 3523 ᾗ.
121 3418 224 3486 Omnes
234 3435 335 3486 artem
347 3423 448 3486 secati
459 3433 574 3505 nepant
589 3419 748 3485 adverbiis
760 3422 1027 3507 praepositionem
1040 3421 1122 3486 addi
1130 3447 1219 3509 opor-

120 3533 183 3605 tere,
195 3524 253 3590 aed
262 3525 435 3589 auctoritas
446 3537 581 3588 osteum
589 3527 752 3610 praeponi
759 3525 855 3589 iubet.
870 3523 985 3588 iisdem
997 3524 1106 3590 verbis
1119 3527 1220 3609 (quod

119 3627 317 3692 memorabile
344 3631 412 3692 est:
428 3645 503 3690 nam
532 3625 670 3690 eundem
699 3627 825 3709 utrique
855 3633 1018 3692 auctorem
1046 3629 1220 3713 agnoscas)

119 3724 269 3796 Maximus
283 3729 467 3795 Victorinus
482 3750 513 3814 p.
530 3730 608 3796 1951
624 3729 790 3795 Adversis
805 3730 895 3796 adt'oi
902 3731 1154 3818 praepositiones
1169 3757 1219 3796 ne-

117 3845 186 3912 pont
200 3857 304 3898 omnes
319 3832 454 3898 astris
466 3846 614 3919 oportere,
631 3832 775 3918 quarraria
790 3845 906 3897 veteres
922 3831 1050 3898 lebenter
1064 3835 1119 3898 nsi
1131 3848 1219 3899 sont.

121 3929 162 3998 bis
189 3941 322 4018 uterquc
350 3935 467 4001 subicit
493 3935 653 4000 desubito
676 3940 708 4000 et
730 3934 768 3999 de
790 3947 937 4020 repente:
959 3933 1017 3999 sed
1039 3936 1221 4003 Victorinus

120 4037 274 4122 utriusque
288 4037 439 4104 vocabuli
459 4037 606 4121 singulos
628 4042 774 4102 auctores
798 4036 949 4120 adducit,
973 4039 1097 4104 Nonius
1120 4041 1220 4106 multo

8 4131 10 4142 ’
120 4137 219 4220 plores
237 4191 244 4205 .
262 4141 387 4207 Nonius
403 4139 488 4204 hunc
502 4160 630 4206 versum
646 4145 747 4205 totum
763 4137 881 4222 refert,
905 4139 977 4204 libri
993 4162 1029 4203 111
1045 4142 1108 4207 643
1130 4163 1221 4228 prac-

8 4233 9 4238 ’
120 4243 273 4308 termittit:
289 4243 474 4310 Victorinus
497 4243 686 4328 simpliciter
708 4244 780 4307 item
803 4243 972 4308 Lucretius
995 4243 1032 4310 de
1055 4247 1177 4312 sobrio.

9 4337 11 4374 ³
195 4345 267 4413 266.
299 4365 493 4410 aurasius
528 4346 646 4412 Corra
681 4365 835 4408 concurr
873 4367 1017 4424 nanar,
1057 4369 1219 4412 concrra

9 4413 10 4436 l

9 4439 10 4522 3
121 4465 183 4509 rra
205 4471 321 4514 sarus
346 4449 465 4515 Onnrs
488 4471 532 4512 nr
556 4470 729 4513 srunruu
750 4471 886 4511 uanrrs
909 4471 1057 4512 conans
1081 4471 1220 4519 aanor·

9 4535 11 4560 '
123 4566 204 4614 run.
232 4551 415 4631 Quadratus
448 4555 600 4618 materie:
633 4552 707 4618 Itali
741 4573 950 4615 narsarnr.
974 4559 1041 4616 tum
1075 4555 1224 4638 conquiri
