2996 5148
552 442 579 506 V

31 633 110 694 quam
131 612 203 675 dare
226 611 310 694 quod
333 617 499 694 gemerent
521 611 650 695 hostes,
667 613 790 694 ipsique
813 615 938 697 perire,

30 727 72 808 qui
92 745 213 792 numero
235 725 423 794 diffidebant
445 727 605 809 armisque
627 728 803 792 vacabant.

63 839 172 904 Nexilis
195 847 268 905 ante
291 839 350 904 luit
372 842 470 906 vestis
493 861 587 924 quam
611 841 721 908 textile
744 849 892 926 tegmen.

30 955 118 1019 textile
138 963 208 1038 post
229 953 396 1028 terrumst,
413 956 489 1039 quia
510 937 595 1022 ferro
617 957 683 1021 tela
705 963 855 1042 paratur,

31 1089 76 1133 nco
94 1069 208 1134 ratione
229 1069 298 1134 alia
319 1078 454 1156 possunt
474 1077 540 1136 tam
563 1071 649 1137 levia
672 1073 759 1156 gigni

32 1184 116 1248 insilia
135 1203 171 1249 aa
191 1183 252 1250 fusi
266 1235 274 1270 ,
290 1185 392 1270 radii,
409 1189 563 1270 scapique
586 1195 758 1252 sonantes.
883 1167 887 1174 ¹

32 1309 55 1362 et
72 1298 162 1364 lacere
184 1307 257 1366 ante
281 1300 367 1367 viros
390 1302 505 1366 lanam
520 1305 635 1366 natura
656 1301 761 1385 coegit

33 1433 107 1496 quam
126 1415 275 1480 muliebre
299 1435 422 1497 genus:
439 1435 514 1481 uam
538 1417 634 1498 longe
657 1417 853 1500 praestatio
876 1422 944 1482 arte

32 1537 54 1592 ct
72 1530 213 1595 sollertius
238 1539 288 1596 est
310 1529 409 1595 multo
432 1549 535 1612 genus
558 1551 651 1596 omne
675 1532 783 1610 viiile3

32 1647 164 1729 agricolae
187 1645 293 1712 donec
316 1644 392 1709 vitio
415 1653 539 1712 vertere
562 1647 689 1720 severi,

31 1770 56 1823 ut
73 1761 263 1826 muliebribus
285 1760 319 1825 id
341 1761 491 1826 manibus
514 1761 691 1827 concedere
712 1761 830 1826 vellent

33 1883 107 1957 aque
127 1875 185 1961 ipsi
208 1877 329 1961 pariter
351 1876 465 1940 durum
488 1877 621 1942 sufferre
643 1878 807 1962 laborem,

35 1995 107 2072 alque
126 2013 219 2077 opere
241 1993 276 2057 in
301 1991 381 2056 duro
404 1990 555 2056 durarent
576 1993 720 2058 mambra
742 2013 940 2076 manusque.

62 2111 92 2170 lt
110 2109 267 2192 specimen
291 2107 425 2173 sationis
449 2115 480 2174 et
501 2107 659 2172 insitionis
682 2108 770 2192 origo

38 2217 85 2302 ipsa
101 2222 152 2288 suit
173 2243 277 2289 rerum
302 2223 438 2308 primum
462 2230 577 2288 natura
600 2223 758 2300 creatrix,

43 2337 168 2404 arboribus
191 2337 343 2422 quoniam
367 2339 467 2404 bacae
489 2338 689 2423 glandesque
712 2339 854 2404 caducae

44 2453 190 2536 tempestiva
212 2453 340 2519 dabant
360 2454 519 2538 pullorum
543 2453 693 2518 examina
716 2459 845 2538 supter;

41 2565 205 2632 uolsellam
228 2567 384 2634 libitumst
406 2569 514 2652 stirpis
537 2569 731 2633 committere
754 2568 851 2633 ramis

37 2687 58 2742 rt
73 2704 141 2749 rora
162 2684 319 2752 defodere
342 2685 373 2749 in
396 2689 516 2750 terram
537 2684 675 2768 virgulta
697 2703 755 2768 per
777 2704 892 2768 agros.

35 2791 88 2860 iude
106 2801 196 2866 aliam
219 2806 318 2883 atque
342 2799 441 2865 aliam
464 2800 620 2864 culturam
644 2799 745 2888 dulcis
768 2799 866 2883 agelli

35 2915 219 3000 temptabant,
235 2917 422 2998 fructusque
445 2914 532 2980 loros
554 2933 778 2980 mansuescere
801 2921 920 2978 terram

35 3029 174 3097 cernebant
194 3029 394 3118 indulgendo
416 3029 601 3113 blandeque
624 3029 779 3095 colendo.

36 3137 107 3224 inque
127 3145 191 3214 dies
214 3147 373 3229 magistu
396 3155 534 3210 montem
560 3143 733 3212 succedere
756 3145 853 3210 silvas

35 3259 162 3336 cogebant
181 3263 333 3346 intraque
355 3261 459 3327 locum
484 3262 660 3328 concedere
681 3259 795 3344 cultis,

37 3379 105 3450 prata
124 3377 211 3444 lacus
232 3379 320 3444 rivos
343 3383 472 3462 segetes
493 3377 665 3459 vinetaque
689 3377 772 3440 loeta

36 3486 143 3556 collibus
163 3498 194 3558 et
216 3493 339 3578 eampis
360 3499 395 3558 ot
416 3491 591 3567 habereut,
608 3497 703 3573 atque
727 3491 870 3556 olearum

36 3604 135 3669 merula
155 3606 356 3691 distinguens
378 3609 460 3674 iuter
484 3606 585 3691 plaga
610 3623 738 3670 currere
760 3613 870 3689 posset

38 3723 223 3794 nummulos
247 3730 279 3790 et
301 3723 456 3792 convallis
480 3739 673 3805 camposque
695 3721 846 3806 protusa3

37 3839 59 3890 u
75 3853 146 3902 rone
166 3858 239 3907 esse
262 3841 354 3907 vides
376 3841 464 3907 vario
488 3839 637 3904 distincta
659 3836 769 3921 lepore

39 3949 133 4035 omnia,
149 3975 230 4037 quae
253 3957 356 4041 pomis
378 3955 523 4023 intersita
545 3953 690 4020 dulcibus
713 3963 827 4020 ornant

40 4060 210 4151 arbustisque
232 4077 341 4138 tenent
362 4071 507 4138 felicibus
530 4070 636 4155 opsita
659 4070 795 4135 circum.

66 4173 112 4259 ill
131 4182 267 4266 liquidas
290 4186 397 4288 avium
417 4205 513 4252 voees
535 4184 688 4250 imitarier
711 4205 765 4251 ore

63 4335 208 4352 “”“““--

42 4419 91 4470 lter
109 4425 185 4478 ianam
207 4428 220 4500 ll
242 4433 307 4481 leel
328 4433 353 4482 A
373 4427 387 4500 il
409 4433 474 4481 1366
494 4431 609 4482 defodire
631 4429 644 4498 Η
666 4431 732 4480 1368
752 4441 834 4480 terro.
