3020 5146
545 424 604 488 1111
1073 424 1133 487 153

42 603 80 666 cui
101 601 221 666 Veneris
243 597 390 665 membris
412 596 460 661 vis
482 595 627 660 omnibus
650 593 830 659 exoriatur:

44 736 137 800 nempe
158 715 239 780 aliae
264 732 390 796 quoque
413 717 506 776 sunt:
524 729 638 794 nempe
659 709 721 774 hae
744 708 812 772 sine
834 708 969 771 viximus
991 712 1085 770 ante:

44 849 136 914 nempe
155 827 264 894 eadem
288 827 385 910 tacit,
402 833 434 891 ct
455 826 572 890 scimus
594 824 720 900 iacere,
738 824 843 888 omnia
864 821 968 906 turpi,

44 953 67 1010 ot
86 946 218 1009 miseram
240 943 351 1008 taetris
373 962 409 1007 se
431 939 515 1006 suffit
538 937 690 1004 odoribus
712 939 801 1022 ipsa,

47 1080 117 1141 quur
136 1058 268 1124 famulae
291 1059 388 1138 longe
411 1054 550 1136 fugitant
573 1053 741 1136 furtimque
764 1051 973 1118 cachinnant.

46 1184 71 1236 at
86 1173 242 1250 lacrimans¹
261 1173 409 1238 exclusus
431 1174 556 1232 amator
578 1167 688 1232 limina
710 1187 808 1250 saepe

46 1287 148 1354 floribus
168 1295 197 1352 et
217 1287 312 1352 sertis
335 1285 436 1369 operit
458 1283 621 1366 postisque
645 1281 799 1365 superbos

46 1403 132 1483 unguit
151 1401 333 1468 amaracino
356 1406 388 1465 et
410 1397 529 1462 foribus
553 1397 647 1460 miser
670 1396 781 1461 oscula
804 1395 890 1479 tigit;

48 1503 118 1595 quom
138 1515 161 1580 si
182 1516 243 1580 iarn
266 1513 422 1579 ammissu
442 1511 620 1576 venientem
645 1510 815 1576 offenderit
837 1529 917 1574 aura

46 1649 91 1692 una
110 1629 211 1714 nodo,
228 1647 346 1694 causas
368 1626 509 1691 abeundi
533 1633 668 1706 quaerat
689 1625 859 1702 honestae,

44 1751 66 1806 et
83 1744 216 1808 meditata
238 1743 295 1807 diu
320 1740 415 1806 cadat
437 1740 501 1806 alte
524 1746 651 1823 sumpta
674 1739 837 1821 querella,

46 1856 225 1940 stultitiaeque
246 1856 294 1920 ihi
317 1875 351 1920 se
374 1855 524 1938 damnet,
540 1854 690 1920 tribuisse
714 1849 797 1935 quod
821 1851 866 1915 illi

48 1969 98 2050 plus
116 1971 211 2036 videat
233 1992 330 2054 quarn
355 1969 479 2035 mortali
502 1969 676 2033 concedere
698 1987 758 2051 par
781 1973 848 2032 est.

51 2102 92 2147 nec
108 2085 237 2150 Veneres
259 2092 389 2150 nostras
411 2084 472 2148 hoc
494 2082 597 2165 fallit3
615 2103 676 2165 quo
699 2082 803 2165 magis
825 2080 917 2164 ipsae

54 2199 127 2262 onnia
145 2221 263 2265 summo
289 2219 386 2284 opere
408 2197 467 2264 hos
490 2197 573 2262 vitae
596 2197 769 2280 poscaenia
792 2197 915 2278 celant,

57 2329 111 2387 qua
125 2315 252 2380 retinere
275 2315 385 2379 volunt
407 2313 639 2394 adstrictosque
664 2330 736 2378 esse
757 2311 789 2375 in
813 2331 940 2392 amore,

56 2442 82 2485 ne
96 2427 247 2510 quiquam,
264 2429 417 2512 quoniam
439 2435 473 2492 tu
495 2427 601 2492 animo
625 2431 732 2492 tamen
755 2425 862 2491 orunia
884 2425 991 2509 possis

51 2543 197 2618 protrahere
220 2545 251 2608 in
276 2543 381 2608 lucem
404 2549 499 2624 atque
523 2541 624 2608 omnis
646 2540 804 2622 inquirere
826 2541 926 2618 risus,
979 2511 989 2536 ⁹

51 2655 216 2724 stabello
239 2657 380 2724 animost
405 2663 436 2721 et
457 2677 522 2722 nou
545 2655 677 2738 odiosa,
694 2655 835 2721 vicissim

47 2771 286 2844 praetermittere
310 2777 341 2836 et
362 2770 508 2836 humanis
532 2769 707 2836 concedere
730 2771 845 2835 rebus.

74 2879 127 2948 Nec
146 2887 255 2952 mulier
277 2905 404 2969 semper
426 2885 498 2950 licto
522 2886 661 2970 suspirat
682 2903 813 2967 amore,

47 3011 108 3072 quae
126 2999 277 3085 conplexa
300 2999 360 3064 riri
384 3019 500 3084 corpus
522 3020 591 3064 curn
615 3019 747 3084 corpore
770 2999 873 3082 iungit

45 3113 67 3168 et
83 3115 156 3178 tonet
177 3111 319 3181 sssuctis
343 3121 508 3182 umectans
531 3115 641 3180 oscula
663 3115 781 3180 labris:

47 3241 100 3288 uun
119 3227 187 3294 iacit
209 3251 248 3296 ex
272 3229 379 3295 auimo
400 3249 519 3315 saepe,
536 3235 568 3294 et
590 3229 770 3296 communia
793 3247 952 3310 quaereus

47 3340 137 3414 gaudia
157 3345 305 3410 sollicitat
326 3345 464 3428 spatium
486 3345 657 3410 decurrere
679 3343 818 3408 amoris.

49 3459 222 3525 secretione
245 3459 309 3524 alia
330 3459 478 3525 volucres
500 3465 645 3524 armenta
668 3458 821 3540 seraeque

48 3571 69 3626 tl
85 3572 208 3650 pecudes
230 3581 262 3639 et
283 3592 386 3656 equae
409 3573 551 3638 maribus
573 3571 739 3639 subsidere
762 3577 916 3656 possunt,

48 3677 134 3748 sinon
154 3687 240 3772 ipsa,
258 3687 343 3771 quod
366 3687 491 3754 illorum
516 3689 630 3771 subal,
645 3687 738 3752 ardet
759 3686 928 3751 abundans

50 3801 138 3863 natura
158 3809 187 3867 et
208 3803 366 3870 Venerem
387 3803 556 3868 salientum
579 3803 665 3868 lacta
687 3807 857 3868 retractat.

49 3921 127 3976 ronne
148 3916 233 3984 rides
256 3918 352 3984 etiam
377 3937 457 4000 quos
479 3921 590 3981 mutua
612 3936 708 4000 saepe
730 3915 876 4000 voluptas

53 4085 215 4108 κηκ-

53 4209 100 4258 llll
115 4216 201 4279 turpis.
222 4215 236 4286 Η
261 4221 326 4268 1176
346 4220 417 4284 longi
435 4219 535 4284 sugitan
562 4217 574 4284 ΙΙ
602 4220 668 4269 1180
686 4220 791 4269 missurn
815 4217 828 4286 ΙΙ
854 4220 920 4268 1182
940 4217 1013 4268 cadet
1033 4215 1046 4285 Η
1068 4219 1134 4267 1183

50 4289 184 4364 Stultitiaque
203 4300 216 4372 ΙΙ
237 4307 303 4356 1186
321 4307 469 4370 postcaenia
484 4303 497 4374 Η
520 4309 586 4356 1188
598 4321 700 4370 posses.
721 4302 734 4372 Η
756 4308 819 4356 1191
836 4306 1012 4357 staminum.
1034 4301 1046 4370 h
1069 4306 1134 4354 1198

50 4393 142 4438 wasers.
162 4387 174 4456 ll
197 4393 262 4442 1200
280 4393 412 4444 sallentino
433 4391 447 4462 ΙΙ
466 4401 620 4444 retractant.
