2996 5148
352 443 416 510 222
896 439 940 505 vt

274 635 326 684 reo
394 615 486 679 Nunc
508 631 588 699 nge,
605 633 667 695 quo
690 617 784 698 pecto
807 613 935 698 pluvius
957 621 1142 681 concrescat
1163 615 1196 680 in
1218 615 1295 680 ultis

348 728 487 794 nubibus
509 749 619 806 umor,
635 734 668 794 et
689 729 722 792 in
744 735 848 794 terrcs
869 727 1030 796 demissus
1052 735 1088 795 ut
1107 730 1210 796 imber

351 843 499 928 decidat,
516 843 705 930 expediam.
721 844 857 928 primum
879 845 944 910 isin
967 845 1092 912 semino
1112 844 1209 927 uquci

352 959 451 1024 multe
472 958 567 1024 simul
588 959 715 1026 vincam
736 977 932 1042 consurgere
955 961 1094 1027 nubibus
1118 935 1197 1045 ipsis

352 1073 499 1140 omnibus
521 1095 561 1140 ex
584 1075 699 1158 rebus,
716 1074 898 1161 pariterque
919 1076 965 1142 ita
986 1093 1130 1141 crescere
1149 1081 1339 1158 utrumque,

277 1211 328 1260 oco
354 1197 385 1256 ct
407 1189 522 1272 nubis,
539 1197 571 1254 et
593 1209 733 1274 aquom,
750 1209 834 1274 quac
856 1209 991 1272 cumque
1012 1190 1046 1254 in
1068 1189 1212 1256 nubibus.
1226 1193 1334 1274 exuo,

352 1311 388 1370 ut
408 1305 528 1388 puriter
548 1304 643 1371 nobis
665 1325 782 1391 corpus
805 1325 875 1370 oum
899 1305 1059 1388 sangiune
1082 1305 1215 1381 crescit,

352 1419 450 1486 sudor
471 1419 566 1502 item,
583 1425 679 1502 atquc
702 1439 794 1484 umor
816 1421 869 1502 qui
891 1438 1026 1502 cumque
1050 1423 1098 1486 est
1120 1419 1261 1504 denique
1282 1415 1436 1484 membris.

353 1534 533 1618 concipiunt
556 1533 654 1600 etium
677 1533 808 1598 multum
831 1553 959 1617 quoque
982 1553 1082 1620 suepc
1105 1533 1260 1600 marinum

352 1667 517 1732 umorem,
533 1647 585 1714 vel
606 1649 651 1713 uti
673 1647 846 1734 pendentia
867 1649 988 1716 vellera
1008 1651 1126 1734 lanne,

278 1787 328 1836 ooo
353 1785 423 1830 oum
447 1783 565 1848 supero
587 1782 738 1848 magnum
761 1783 849 1830 marc
870 1766 956 1832 venti
977 1765 1089 1830 nubile
1110 1769 1259 1850 portent.

352 1879 510 1946 consimili
533 1878 655 1944 rabone
678 1897 719 1945 ex
741 1879 887 1946 omnibus
910 1880 1060 1946 amnibus
1081 1900 1172 1946 umor

352 1995 471 2061 tollitur
493 1994 526 2058 in
549 1994 662 2060 uubis.
679 2013 742 2076 quo
764 2013 836 2060 oum
857 1997 940 2061 benc
962 1995 1087 2062 semino
1108 2013 1263 2075 aquarum

353 2109 451 2174 multa
473 2107 577 2173 modis
599 2108 707 2174 multis
729 2128 907 2176 convenere
929 2109 1073 2192 undique
1095 2109 1257 2183 sdcucts,

353 2223 519 2290 consertae
542 2223 642 2290 nubes
664 2224 807 2289 umentia
827 2225 951 2290 mittere
974 2231 1101 2292 cenent

279 2361 330 2408 ero
355 2339 544 2424 dupliciter:
563 2359 636 2404 unm
660 2339 709 2404 vis
731 2340 815 2404 venti
838 2340 1016 2416 contrudit,
1032 2346 1066 2406 et
1086 2339 1160 2424 ipsu

355 2454 451 2539 ocpin
473 2454 651 2520 nimborum
673 2454 766 2519 turbu
787 2453 910 2520 maiore
932 2461 1045 2522 ocactn

354 2574 464 2652 urget,
483 2569 524 2633 de
547 2587 661 2653 supero
683 2569 818 2652 premit,
835 2587 874 2633 nc
895 2567 973 2632 lucit
995 2565 1128 2634 effluere
1150 2565 1283 2632 imbris.

354 2689 521 2768 praeterea
543 2702 613 2747 cum
636 2690 802 2750 rarescunt
823 2701 952 2766 quoque
975 2681 1087 2746 nubile
1108 2679 1212 2746 ventis

355 2805 413 2864 aut
434 2797 670 2881 dissolvuntur,
687 2798 766 2865 solis
789 2817 886 2884 supcr
907 2797 973 2862 icto
995 2797 1124 2879 calore,

281 2935 331 2982 om
357 2913 483 2978 mittunt
504 2931 646 2979 umorem
667 2913 829 2998 pluvium,
847 2913 1051 2994 utiliumque,
1070 2909 1163 2994 qussi
1185 2909 1251 2990 igni

358 3047 432 3094 cern
455 3047 551 3112 super
574 3026 681 3092 calido
704 3029 872 3094 tabescens
895 3026 995 3091 multo
1017 3026 1194 3107 liquescet.

359 3143 417 3209 sed
440 3161 570 3208 vemens
593 3141 695 3206 imber
716 3142 770 3219 fit,
787 3141 842 3206 nbi
864 3149 1026 3208 vementer
1047 3145 1181 3221 utruque

357 3258 467 3324 nubila
488 3257 581 3339 aquis
603 3255 766 3322 cumulato
790 3261 976 3340 premuntur
999 3260 1031 3320 et
1055 3254 1173 3338 impete
1195 3251 1303 3318 venti.

357 3381 456 3456 utque
478 3381 588 3439 tenere
612 3372 666 3436 diu
687 3370 817 3455 pluviae
839 3371 1033 3452 longumque
1055 3367 1173 3434 morari

282 3511 333 3558 ono
358 3494 570 3570 consuerunt,
587 3487 640 3552 ubi
664 3486 763 3550 multo
785 3485 907 3552 cientur
929 3483 1051 3550 semine
1073 3501 1248 3566 uquarum,

358 3611 455 3686 utque
478 3603 551 3668 eliis
574 3600 661 3666 aliae
684 3601 784 3664 nubes
807 3598 969 3680 nimbique
991 3597 1134 3681 rigentes

357 3721 488 3803 insuper
510 3723 607 3798 atque
630 3715 714 3780 omui
737 3713 834 3797 vulgo
858 3711 900 3778 dc
922 3720 1014 3798 purte
1035 3711 1198 3793 feruntur,

356 3840 505 3915 terraque
528 3851 599 3897 curn
622 3829 751 3894 fumans
774 3847 916 3893 umorem
939 3833 1007 3892 totu
1028 3825 1195 3892 redhnlnt.

362 4163 412 4212 496
432 4161 550 4210 dimissus
575 4157 590 4229 11
613 4162 664 4210 498
682 4160 783 4210 vincum
807 4157 821 4227 11
846 4160 897 4210 900
915 4157 949 4206 Et
965 4155 1075 4206 nubibus
1095 4153 1109 4224 11
1130 4157 1180 4206 tun
1200 4154 1265 4204 idem
1285 4152 1299 4219 11
1320 4139 1460 4202 903091ιοί·

361 4245 466 4315 (1199111
486 4247 643 4298 9999199911
664 4245 678 4314 11
698 4251 746 4298 911
761 4263 857 4296 rumore
877 4243 890 4314 11
910 4247 988 4294 tlte
1008 4245 1020 4309 11
1041 4243 1127 4307 prium
1147 4231 1459 4310 119149919999.119]ὁ

362 4335 475 4386 sdllunte
495 4332 509 4403 11
533 4337 583 4384 tlt
602 4335 667 4384 'Pele
686 4331 700 4402 11
720 4337 770 4384 ore
788 4335 814 4382 vi
834 4330 848 4400 11
868 4335 919 4383 919
938 4334 975 4382 At
992 4331 1112 4380 retineret
1130 4327 1145 4398 11
1165 4331 1216 4380 920
1235 4328 1325 4378 flentur
1344 4325 1357 4391 11
1377 4323 1418 4372 til
1436 4317 1460 4366 ri·
1487 4361 1488 4364 ,

363 4431 473 4487 grrcute.
495 4423 508 4488 11
529 4423 579 4472 992
599 4437 663 4484 equo
684 4417 697 4490 11
718 4423 768 4471 923
788 4421 919 4470 humorem
938 4415 953 4489 11
974 4419 1102 4469 redrnlst.
