3110 5146
332 379 396 444 354
865 379 908 442 Vl

333 549 478 615 habenda
492 551 591 615 Nobis
614 564 658 615 est
674 551 776 630 ratio,
793 553 868 632 aut,
885 547 972 631 quod
995 548 1047 613 hle
1062 547 1190 633 aptius,
1206 547 1342 614 eaneodu
1353 571 1362 610 .·
1375 567 1424 632 po·

331 651 405 716 terit
426 655 534 717 tamen
557 651 619 718 hoo
635 653 732 718 etiem
748 651 883 737 abesse,
899 653 928 718 si
951 671 992 718 eu
1006 670 1091 736 quoe
1106 650 1290 716 necessario
1302 655 1372 714 sunt
1384 655 1425 715 to

332 761 399 819 turn
426 751 554 820 versum
583 755 806 840 expleverint.
830 773 989 838 quaenam
1015 759 1221 848 sputantem
1247 754 1304 819 ills
1328 773 1426 820 neees-

333 857 447 924 saria‘?
462 857 638 923 Brixlensls
650 857 749 923 editio
761 860 843 923 ratio
855 859 952 923 caelis
963 856 1236 939 (caeliAvantius)
1248 857 1427 943 speciesque,

332 959 462 1044 quidem
480 958 608 1025 eodiees
623 959 673 1024 Pii
695 963 778 1026 ratio
794 960 878 1026 coeli
895 983 1105 1046 oopmorrqoe
1115 1007 1124 1042 ,
1141 958 1315 1024 Lambinus
1331 964 1427 1022 uneto-

331 1062 420 1128 ribns
441 1061 534 1128 libris
556 1081 653 1126 manu
675 1061 802 1146 seriptis
829 1063 967 1149 (scilieet
987 1063 1034 1127 ita
1056 1061 1216 1126 Antonius
1238 1061 1429 1126 Florentinus

331 1169 363 1229 et
377 1163 547 1249 Marullus)
563 1187 712 1251 superum
726 1165 868 1250 oaelsboe
878 1215 886 1248 ,
903 1185 985 1230 nnus
1004 1163 1199 1230 Wakefieldi
1222 1165 1306 1230 coeli
1324 1177 1429 1229 terrae-

332 1291 411 1353 que.
427 1274 462 1333 at
476 1267 533 1332 illa
548 1268 657 1332 omnia
672 1266 889 1352 imperitorum
906 1273 1086 1334 commenta
1104 1265 1235 1332 suntab
1252 1271 1430 1348 argumento

331 1369 404 1434 libri
420 1371 501 1434 sexti
518 1370 645 1435 aliena.
662 1369 696 1433 in
712 1388 750 1434 eo
766 1374 864 1455 poeta
878 1369 940 1435 sibi
956 1377 988 1434 et
1004 1371 1197 1455 comperturos
1213 1367 1375 1435 esnondss
1389 1367 1430 1432 di-

330 1474 392 1558 oit,
409 1473 442 1538 id
467 1477 515 1538 est
530 1472 661 1548 nubila,
677 1477 710 1536 et
721 1471 870 1558 folmr'rm
884 1473 975 1537 cbrra
996 1471 1058 1556 (sie
1074 1473 1160 1537 enim
1179 1479 1267 1538 reete
1282 1473 1431 1538 Antonius

331 1581 362 1641 et
384 1574 568 1660 impressi),
585 1573 683 1656 idque
709 1572 785 1638 feeit
812 1573 888 1639 inde
914 1593 936 1638 a
963 1593 1059 1640 versu
1081 1575 1144 1640 219
1166 1594 1270 1659 usque
1292 1574 1333 1640 od
1355 1575 1431 1641 494.

330 1684 406 1744 aute
421 1678 502 1743 haee
517 1695 647 1742 eversu
663 1677 705 1742 96
720 1695 820 1760 nsque
836 1676 879 1741 ad
897 1676 957 1742 159
973 1675 1014 1742 de
1028 1677 1199 1743 tonitribus
1215 1679 1306 1763 agit,
1322 1677 1432 1744 deinde
1485 1745 1488 1752 ,

329 1779 490 1864 usquead
506 1779 568 1844 218
584 1779 625 1843 de
637 1777 933 1860 fulgurationibns:
949 1778 1030 1845 haee
1041 1781 1139 1863 igitur
1154 1781 1209 1846 illo
1222 1781 1333 1846 mutilo
1344 1800 1431 1847 versu

330 1883 486 1948 contineri
518 1887 637 1946 eertum
666 1885 735 1965 est,
752 1901 856 1964 neque
879 1881 912 1946 in
941 1887 1006 1946 tom
1029 1889 1167 1966 anguste
1195 1884 1349 1950 eonelnso
1369 1905 1431 1949 sen·

329 1985 432 2050 tentia
447 1983 488 2048 de
503 1983 609 2049 vorbis
621 1981 761 2048 dubituri
778 1989 903 2068 potest,
920 1985 1110 2068 praesertim
1126 2004 1195 2050 enm
1209 1985 1292 2052 illud
1308 1985 1432 2052 termula

329 2087 416 2154 viam
440 2085 633 2151 emendandi
661 2083 877 2151 demonstret.
894 2105 972 2170 ergo
993 2091 1092 2170 polito
1119 2087 1250 2172 seripsit
1271 2109 1336 2152 usu
1356 2090 1432 2154 ratri>

329 2209 514 2254 ruuenunr
541 2210 681 2260 vrsour
708 2209 890 2274 rounsor,
907 2190 987 2256 Stant
1009 2204 1202 2278 tempestates
1226 2205 1431 2256 strumum

328 2293 419 2357 eluro
441 2289 603 2356 canendo.

415 2393 550 2460 85-89.
573 2392 670 2471 Qum
704 2415 864 2458 rsursn'r
887 2434 975 2443 —-
996 2417 1213 2462 nonrssuus
1248 2419 1294 2463 ur
1327 2417 1431 2460 suru-

328 2519 437 2562 nunrr
460 2517 521 2561 sn.
539 2497 627 2562 Haeo
649 2496 758 2588 omnio
781 2499 994 2582 pnlolrerrima
1015 2505 1137 2564 suntet
1158 2499 1234 2566 bulo
1248 2502 1320 2566 looo
1343 2499 1432 2566 valde

329 2599 592 2666 accommodata.
608 2598 665 2664 sed
688 2600 710 2664 ii
734 2598 798 2664 duo
821 2621 935 2668 versus
957 2603 1012 2686 qui
1036 2621 1076 2667 eo
1095 2604 1262 2687 exeipinnt
1284 2602 1432 2668 orationis

329 2701 470 2767 ordinem
505 2701 717 2785 perturbant.
741 2703 841 2766 nihilo
872 2705 976 2769 minus
1006 2704 1102 2768 iidem
1136 2725 1274 2789 versus,
1299 2707 1431 2786 Quorum

327 2829 455 2891 opernm
470 2827 604 2886 causas,
621 2809 652 2870 et
674 2805 736 2888 ipsi
753 2824 885 2889 prorsus
905 2807 1029 2872 adrem
1053 2806 1194 2892 loeiunt,
1211 2809 1239 2872 si
1257 2807 1318 2872 illu
1332 2807 1433 2892 priore

328 2907 499 2972 abessent.
516 2925 555 2971 ex
578 2925 641 2988 quo
665 2913 800 2990 apparet
823 2907 1032 2993 Furbigerum
1056 2929 1171 2994 porum
1199 2917 1288 2974 reeto
1319 2907 1430 2974 iudioio

328 3010 436 3073 omnia
450 3009 570 3092 pariter
585 3008 765 3091 delevisse,
782 3011 842 3074 nisi
861 3011 947 3094 qnod
967 3012 1049 3078 duos
1065 3013 1186 3096 primos
1201 3031 1338 3096 versus,
1353 3007 1434 3089 Quid

316 3113 470 3198 faciant,
488 3103 536 3175 Ne
551 3111 708 3196 trepides,
725 3113 780 3193 qui
797 3113 856 3176 soli
873 3134 931 3196 per
951 3099 986 3178 se
1001 3113 1282 3197 nullum'leporem
1299 3113 1429 3190 natent,

326 3215 475 3279 retinnit.
493 3213 569 3298 qnid
587 3213 670 3278 enirn
687 3214 804 3278 elarius
824 3233 896 3280 esse
911 3222 1017 3300 potest
1032 3235 1127 3300 quarn
1146 3217 1350 3300 Lucretium,
1366 3234 1428 3279 enm
1532 3237 1533 3270 r

326 3317 429 3400 primo
453 3317 572 3400 impetu
600 3315 658 3379 lros
680 3315 821 3399 quinque
848 3337 961 3384 versus
983 3319 1185 3404 scripsisset,
1202 3327 1320 3404 postea
1340 3335 1428 3402 quern

325 3439 381 3483 eos
403 3439 504 3504 propo
527 3437 638 3482 omnes
661 3419 782 3484 maiore
810 3420 904 3485 etiam
928 3440 999 3484 erum
1028 3423 1060 3487 vi
1083 3429 1116 3487 et
1137 3422 1255 3488 effectu
1278 3421 1343 3486 alio
1366 3421 1429 3483 loeo

325 3523 400 3604 poni
416 3541 512 3606 posse
533 3521 651 3586 viderit
667 3521 753 3586 inire
774 3529 849 3606 post
868 3543 994 3588 versum
1011 3523 1094 3605 382,
1112 3523 1164 3588 bie
1186 3526 1234 3588 eis
1249 3524 1333 3588 duos
1354 3509 1428 3586 ulios

315 3621 446 3706 pariter
468 3629 562 3708 uptus
584 3621 787 3688 substituisse
810 3643 850 3688 ex
872 3625 954 3690 libro
978 3626 1075 3709 1‚153
1098 3626 1282 3710 repetitos?

409 3727 459 3792 86.
484 3725 538 3790 Nn
554 3746 756 3790 rnnrrnss.
773 3725 939 3793 Correetor
954 3727 1102 3811 quadrati
1125 3735 1157 3792 et
1172 3729 1269 3792 ceteri
1288 3729 1337 3794 Ne
1351 3747 1427 3790 unu·

323 3849 431 3890 mnus
444 3876 451 3892 .

409 3933 460 3996 87.
483 3951 746 3994 runvnsunnr.
763 3929 816 3995 Sio
843 3931 1023 4014 oblongus:
1040 3933 1218 4016 quadratus
1243 3953 1426 4020 pervetere.

322 4038 408 4097 reete
434 4033 466 4097 in
495 4039 630 4116 utroque
660 4033 812 4117 seriptum
844 4052 939 4100 versu
968 4035 1052 4102 383.
1075 4033 1297 4102 Wakefieldus
1326 4039 1425 4098 tumen

322 4133 443 4199 mavult
461 4137 661 4219 provenerit:
677 4155 735 4218 pro
758 4135 860 4200 altero
884 4134 989 4201 dioom
1012 4138 1055 4202 nd
1077 4157 1205 4205 versum
1229 4137 1315 4203 324.

406 4237 457 4302 91.
481 4257 566 4300 rrnn
587 4257 739 4300 nrvrno.
756 4236 924 4304 (lorreotor
946 4239 1078 4322 oblongi
1094 4261 1195 4304 rrnnr
1208 4289 1216 4306 .
1230 4239 1277 4305 sio
1298 4245 1425 4318 uterque

320 4357 416 4406 vorsu
438 4339 500 4405 bl.

405 4441 457 4506 92.
480 4445 533 4505 'Pu
571 4463 656 4504 urur
694 4463 863 4506 surnsun
899 4465 1146 4508 rnusonrnrun
1184 4467 1228 4508 nc
1264 4457 1423 4506 ussurus
1529 4453 1530 4477 ¹

320 4563 447 4604 cnunrs
488 4543 678 4606 Cunnsnrr
719 4565 878 4609 srsrruor
920 4567 1224 4611 rnnnnronsrnn.
1258 4545 1422 4611 corrector
