3110 5146
319 355 385 425 334
861 355 890 422 V

320 527 409 614 quod
436 525 644 594 membranae
671 526 824 594 exhibent
850 527 884 592 iu
909 547 931 611 1,
943 527 1008 593 260
1033 527 1188 611 aridio
1201 525 1265 594 644
1290 524 1421 610 1v‚632.

320 631 461 698 Scaurus
487 629 529 696 de
555 628 790 716 orthographia
810 627 938 714 putee
962 628 1097 694 Artales
1120 642 1223 695 omero
1251 642 1280 695 st
1298 628 1423 694 aneon

321 733 453 821 qnidam
467 733 691 816 variaverunt,
703 743 732 798 et
743 753 804 818 per
821 731 839 796 ι’
849 729 976 817 quidem
991 730 1099 799 Moe
1114 745 1143 799 et
1157 729 1427 817 decerpturos·

320 836 617 922 sera‘bt'putuoeront
627 833 769 920 quotiens
777 833 818 897 ub
826 845 894 898 orte
906 831 1121 918 descenderet,
1132 847 1168 900 ut
1177 835 1220 900 et't
1227 858 1283 899 ors
1294 833 1424 899 ortelius*

320 939 402 1004 tetus
409 987 418 1021 ,
430 938 562 1003 artabas
572 948 675 1003 oeten
683 957 743 1022 per
753 958 776 1000 e
788 935 930 1020 quotieas
942 936 982 1000 ob
993 959 1027 1002 eo
1041 936 1129 1024 qood
1137 947 1216 1003 eseet
1226 949 1317 1002 areu
1328 983 1337 999 .
1347 932 1425 1000 uode

319 1039 410 1128 epod
414 1039 597 1106 haererem
608 1039 644 1122 (1,
649 1037 727 1119 260)
740 1035 847 1122 legem
857 1034 1025 1104 ‘lemma
1032 1039 1141 1126 proles
1147 1037 1426 1124 Artabasiofirote'e

319 1158 443 1210 merae
453 1142 575 1206 medon
581 1163 643 1228 per
653 1139 766 1206 loreas
778 1141 795 1202 .'
811 1138 881 1223 ipse
891 1139 1032 1206 &rums
1043 1140 1168 1206 mavult
1178 1139 1277 1206 soribi
1290 1139 1424 1220 medus,

319 1263 424 1330 neque
437 1243 533 1310 aliter
547 1241 659 1310 Velius
675 1242 807 1324 Longus
829 1261 861 1325 p.
874 1239 980 1326 2229,
995 1243 1051 1309 ubi
1071 1252 1121 1310 est
1134 1267 1230 1309 orem
1244 1261 1307 1327 pro
1322 1253 1425 1306 artus.

407 1346 500 1414 1082.
522 1345 574 1410 llr
596 1363 758 1418 ouorruu
779 1363 893 1408 vruru
913 1364 1081 1410 crunnus
1095 1364 1348 1416 renosruous
1368 1363 1425 1406 nu·

318 1469 514 1516 suerrus.
530 1447 699 1531 Oblongns
715 1469 828 1534 quom,
844 1446 990 1514 eiusdem
1011 1453 1171 1514 eorreetor
1185 1471 1278 1531 ouen,
1294 1444 1426 1531 quadra·

318 1558 370 1620 tus
392 1576 452 1641 quo
478 1553 514 1617 in
527 1599 535 1616 .
549 1547 669 1615 deinde
695 1547 874 1633 quadratm
900 1563 1031 1616 oenone
1045 1597 1053 1616 .
1069 1557 1137 1616 tum
1162 1547 1252 1634 qnod
1274 1547 1425 1615 Aventius

319 1654 410 1722 dedit
437 1652 605 1738 egregium
632 1656 701 1736 est,
716 1671 971 1724 nnsunnrour
996 1665 1197 1741 repeqnaot,
1212 1653 1306 1718 velut
1331 1650 1426 1748 angui

319 1762 414 1843 eapte
428 1777 436 1822 ε
451 1761 611 1822 eorreotor
626 1753 780 1840 oblongi,
797 1754 893 1839 Itali,
909 1755 1086 1839 llurullus,
1101 1751 1302 1840 Lambinus,
1319 1753 1426 1836 oeteri,

166 1811 172 1826 ι
315 1858 521 1948 praedaque,
537 1856 697 1946 absurde.

406 1959 499 2028 1084.
522 1979 715 2024 consueuit
737 1979 782 2022 nr
797 1980 938 2025 sununs
960 1981 1129 2025 verusne
1144 1959 1426 2030 Ounnouurloun

319 2083 472 2129 eurum.
488 2064 532 2129 Er
545 2061 735 2130 deleverunt
748 2062 822 2128 itali
841 2067 874 2128 et
888 2062 1066 2130 Marullus:
1081 2062 1269 2146 Naugerius
1284 2084 1331 2128 un
1342 2111 1352 2129 .
1365 2069 1427 2127 tum

318 2165 478 2249 oblongus
496 2167 623 2252 qreerlr:
645 2163 715 2231 eius
738 2169 898 2232 oorreetor
920 2186 1083 2230 oureus.

406 2267 498 2334 1087.
520 2288 647 2332 vuurrs
669 2287 824 2332 suusne.
840 2265 1009 2334 (torrenter
1030 2269 1165 2352 oblongi
1186 2289 1317 2333 vsurr.

405 2369 498 2438 1088.
521 2369 655 2436 Munna
692 2389 813 2434 nauus
850 2389 925 2436 cum
954 2389 1071 2436 eren.
1093 2371 1168 2438 Itali
1205 2377 1238 2438 et
1275 2368 1426 2437 Marullus

318 2475 449 2540 liuns.

407 2576 499 2644 1090.
520 2596 609 2640 aurs
631 2595 676 2639 un
697 2591 815 2642 vocs.
831 2575 906 2642 Itali
929 2581 963 2642 et
983 2575 1132 2660 impressi
1153 2597 1245 2642 sus.

406 2678 626 2746 1091-1160.
650 2677 764 2742 Inuum
786 2699 822 2741 ru
843 2699 904 2742 urs
925 2679 1123 2746 susus.1n
1144 2679 1239 2746 huius
1263 2679 1340 2746 libri
1360 2697 1425 2763 pro
1531 2715 1532 2740 r

318 2781 444 2849 hoemio
466 2785 584 2865 poete,
600 2779 655 2846 ubi
677 2779 823 2864 singulae
849 2787 958 2866 partes
979 2782 1157 2868 promittit,
1172 2783 1214 2848 73
1241 2801 1266 2847 a
1287 2779 1426 2866 loquella
1531 2793 1532 2818 ¹

318 2885 362 2952 ad
384 2889 502 2952 metum
517 2881 651 2950 deorum
665 2883 801 2968 tramit,
816 2903 900 2968 quae
915 2883 1057 2969 quodam
1074 2884 1214 2950 naturali
1229 2884 1362 2951 vineulo
1382 2883 1424 2947 in·

318 2995 367 3053 ter
388 3005 424 3053 se
439 2984 612 3052 eoniuuota
632 2990 726 3050 suut.
741 2983 793 3050 hie
811 3003 890 3052 vero
905 2984 1079 3052 admodum
1094 2987 1175 3054 mire
1195 2986 1248 3052 his
1264 2987 1425 3054 iuterieeh

317 3095 368 3156 est
381 3088 519 3174 primum
534 3087 626 3170 origo
642 3086 748 3171 iguis,
764 3106 860 3171 quem
874 3088 938 3154 iam
953 3107 1054 3174 supra
1067 3088 1147 3155 1011
1164 3093 1316 3174 peratum
1331 3087 1424 3153 inisse

318 3191 464 3276 dixerat,
479 3197 514 3257 ut
534 3188 754 3274 quaerendum
769 3189 812 3256 sit
832 3209 889 3256 eur
903 3189 990 3256 unde
1004 3192 1033 3256 is
1048 3197 1138 3257 ortm
1157 3190 1255 3257 luerit
1268 3210 1336 3256 non
1355 3195 1424 3255 ante

316 3293 451 3377 liuguae
465 3312 563 3360 sonos
584 3298 617 3358 et
631 3309 736 3358 rerum
758 3292 918 3360 voeabula
936 3293 1142 3378 exposuerit:
1156 3300 1224 3359 tum
1245 3312 1346 3379 porro
1360 3290 1424 3376 agit
1530 3357 1531 3360 ,

318 3395 360 3462 de
382 3395 534 3480 regibus,
550 3393 591 3461 de
612 3394 764 3480 populari
785 3395 941 3481 imperio,
958 3393 1000 3461 de
1018 3395 1262 3479 magistratibus
1285 3401 1318 3462 et
1339 3397 1422 3474 iure;

317 3503 392 3584 post
413 3516 498 3581 quae
512 3497 611 3581 longo
630 3497 801 3564 intervallo
819 3497 899 3564 1361
923 3497 1081 3564 sadonem
1097 3502 1130 3564 et
1150 3497 1310 3564 culturam
1324 3503 1423 3564 terrae

318 3605 565 3683 oommemorat,
581 3605 614 3665 et
627 3606 790 3684 postremo
815 3599 898 3666 1440
912 3606 1015 3666 turres
1030 3605 1063 3666 et
1076 3619 1175 3684 egros
1195 3589 1341 3683 diuisos,
1356 3615 1422 3664 oum

320 3703 403 3770 1108
424 3700 601 3768 iandudum
624 3719 720 3785 reges
741 3701 803 3766 sibi
832 3721 924 3770 eroes
945 3701 1132 3768 eondidiese
1153 3710 1186 3769 et
1208 3711 1329 3769 terram
1349 3697 1422 3766 diri·

317 3805 401 3871 sisee
427 3803 586 3871 dixisset.
608 3803 689 3870 haee
715 3805 769 3887 qui
800 3811 885 3871 reete
911 3805 1185 3888 consideraverit,
1204 3803 1247 3870 de
1272 3805 1343 3870 hae·
1360 3807 1422 3868 tota

318 3907 471 3974 neminie
485 3912 578 3992 parte
593 3905 768 3990 ouueedet,
784 3923 856 3972 eam
871 3926 935 3972 non
952 3924 1051 3992 posse
1072 3926 1095 3972 a
1110 3911 1208 3993 poeta
1221 3907 1338 3973 eodem
1351 3911 1422 3971 tem

317 4029 396 4096 pore
418 4010 630 4094 eompositum
651 4027 725 4076 esse
746 4027 811 4093 qno
834 4013 943 4074 oetera
962 4007 1150 4094 scripserit.

406 4111 498 4179 1093.
520 4132 681 4176 nrn1uun
712 4131 860 4177 senon.
882 4109 937 4178 Siu
963 4110 1146 4195 oblongus:
1168 4111 1347 4196 quadratus
1376 4106 1420 4174 di·

318 4214 424 4283 deors.

405 4317 497 4385 1004
520 4316 651 4382 liunus
683 4337 850 4382 vrnnrrns
886 4337 976 4382 nuru
1012 4337 1265 4384 csrnssrruus
1302 4331 1418 4380 rssrre

317 4441 480 4484 rrrnurs
508 4419 705 4504 Feruens,
725 4441 801 4485 eurr
829 4439 940 4484 oarnr
967 4439 1140 4485 nosnvrr
1164 4439 1285 4486 runos
1311 4433 1419 4481 mo·

318 4543 375 4584 urs
388 4570 397 4588 .
412 4521 507 4606 Apud
522 4521 664 4588 Nouium
685 4523 803 4607 pene,
819 4522 858 4588 15
874 4523 980 4589 Melta
1000 4521 1138 4590 edemus
1160 4529 1193 4590 et
1203 4523 1307 4612 playa
1327 4542 1417 4587 uere·
