3052 5144
338 427 381 490 54
885 424 917 488 11

261 612 311 660 415
338 593 370 658 in
395 612 492 658 nares
514 591 695 676 hominum,
713 612 784 658 num
806 597 909 658 taetra
931 593 1091 658 cadavera
1113 599 1254 680 torrent,

339 713 463 774 etcum
486 726 585 773 scena
607 728 699 774 croco
726 707 815 774 Cilici
838 707 968 792 perfusa
988 729 1100 774 recens
1122 715 1171 775 est

338 841 461 903 araque
483 821 669 888 Panchaeos
691 822 821 887 exhalat
843 830 973 907 propter
995 823 1134 902 odores;

338 955 421 1002 neve
444 936 547 1003 bonos
568 957 671 1002 rernm
694 936 790 1002 simili
813 943 961 1002 constare
983 939 1107 1005 colores

339 1051 461 1116 semine
485 1052 677 1135 constituas,
694 1052 805 1117 oculos
828 1051 882 1134 qui
903 1070 1037 1136 pascere
1059 1063 1213 1139 possunt,

265 1189 316 1235 440
340 1165 448 1248 etqui
471 1174 677 1251 conpungunt
698 1167 801 1230 aciem
824 1166 1058 1248 lacrimareque
1081 1177 1198 1253 cogunt

340 1286 396 1346 aut
419 1279 516 1347 foeda
537 1281 644 1366 specie
667 1280 727 1344 diri
750 1287 921 1365 turpesque
943 1280 1113 1347 videntur.

340 1395 444 1462 omnis
466 1395 570 1478 eninr,
587 1415 700 1462 sensus
724 1414 809 1482 quae
832 1396 949 1461 mulcet
971 1415 1104 1477 cumque
1118 1447 1125 1472 ‚
1141 1395 1244 1479 figura

343 1509 419 1574 haut
441 1509 510 1574 sine
532 1511 701 1596 principali
725 1510 833 1592 aliquo
856 1511 965 1576 levore
986 1518 1144 1578 creatast:

342 1633 375 1690 at
396 1631 507 1690 contra
530 1643 612 1706 quae
635 1645 769 1706 cumque
791 1625 927 1690 molesta
950 1633 1047 1708 atque
1070 1645 1188 1712 aspera
1210 1635 1353 1712 constat,

269 1761 319 1808 440
344 1760 409 1804 non
431 1739 542 1821 aliquo
565 1739 636 1804 sine
658 1740 811 1806 materiae
833 1741 983 1820 squalore
1006 1747 1182 1826 repertast.

343 1861 416 1920 sunt
437 1854 534 1920 etiam
558 1874 639 1936 quae
662 1855 726 1919 iam
749 1873 810 1920 nec
832 1854 924 1920 levia·
940 1855 1007 1920 iure
1028 1862 1180 1940 putantur

345 1989 417 2035 esse
439 1989 545 2062 neque
568 1970 696 2034 omnino
719 1968 810 2034 flexis
833 1969 1036 2034 mucronibus
1056 1989 1158 2050 unca,

347 2081 405 2146 sed
427 2085 531 2166 magis
553 2083 691 2164 angellis
713 2083 842 2168 paulurn
864 2083 1088 2166 prostantibn'‚
1105 2103 1250 2167 quaeque

347 2195 476 2262 titillare
499 2199 602 2281 magis
624 2219 735 2264 sensus
758 2217 855 2280 quam
878 2197 1006 2262 laedere
1029 2203 1180 2283 possunt;

273 2331 323 2379 400
349 2309 455 2376 fecula
477 2313 542 2378 ianr
564 2333 626 2394 quo
649 2314 689 2377 de
712 2331 830 2396 genere
853 2317 902 2378 est
922 2313 1094 2396 inulaeque
1116 2332 1270 2398 sapores.

350 2425 487 2507 denique
509 2427 572 2490 iarn
595 2429 718 2494 calidos
740 2429 824 2512 ignis
846 2429 1049 2513 gelidamque
1071 2427 1217 2512 pruinam

350 2538 498 2604 dissimili
522 2541 651 2607 dentata
672 2545 768 2612 modo
791 2563 994 2629 conpungere
1017 2561 1130 2608 sensus

351 2657 514 2740 corporis,
529 2657 647 2722 indicio
670 2661 762 2726 nobis
785 2669 833 2725 est
854 2667 958 2725 taetus
980 2667 1134 2741 uterque,

351 2777 454 2837 tactus
477 2773 582 2850 enirn,
599 2781 722 2852 tactus,
738 2795 816 2859 pro,
833 2775 939 2839 divum
962 2773 1092 2839 numina
1114 2777 1246 2856 sancta,

276 2909 327 2956 435
353 2887 496 2973 corporis
520 2895 570 2954 est
590 2907 723 2968 sensns,
739 2891 791 2955 vel
813 2909 884 2954 enm
904 2909 956 2954 rcs
980 2897 1091 2954 extera
1112 2905 1184 2952 sese

352 2985 508 3089 insinuat,
525 3004 576 3070 vel
599 3025 669 3070 cum
692 3005 793 3070 laedit
815 3005 954 3088 quaein
976 3021 1108 3088 corpore
1130 3007 1239 3068 natast

353 3125 408 3181 aut
430 3119 517 3184 iuvat
539 3119 709 3202 egrediens
734 3121 883 3201 genitalis
904 3139 962 3204 per
984 3117 1119 3183 Veneris
1142 3137 1213 3183 res.

354 3237 451 3314 atque
473 3251 512 3296 ex
535 3235 658 3300 offensu
680 3253 751 3300 cum
773 3235 902 3298 turbant
924 3251 1058 3318 corpore
1079 3233 1112 3296 in
1134 3231 1205 3316 ipso

356 3345 499 3428 semina,
517 3347 714 3413 contundunt
735 3350 817 3416 inter
839 3368 874 3414 se
897 3349 1020 3414 0040110
1042 3365 1191 3424 sensum;

280 3480 331 3526 440
355 3467 390 3524 nt
412 3459 440 3525 si
462 3461 541 3526 forte
563 3481 658 3528 manu
682 3461 826 3546 quamvis
848 3465 913 3528 iam
935 3462 1077 3547 corporis
1098 3461 1169 3545 ipse

356 3581 422 3640 tute
444 3573 503 3640 tibi
525 3583 650 3660 partem
672 3577 769 3644 serias
790 3585 885 3660 atque
908 3576 1095 3661 experiare.

357 3709 420 3772 qua
442 3696 572 3776 propter
594 3691 689 3774 longe
712 3691 848 3762 formas.
856 3691 976 3758 distare
998 3695 1160 3755 necessest

355 3805 539 3888 principiis,
556 3804 661 3870 varios
683 3824 766 3887 quae
789 3807 913 3890 possint
935 3803 1031 3870 edere
1054 3821 1188 3868 sensns.

375 3919 543 3999 ,Denique
567 3939 650 4000 quae
674 3919 766 3986 nobis
789 3920 903 3986 durata
925 3939 963 3984 00
986 3917 1092 4002 spissa
1113 3917 1278 4002 uuonan,

358 4102 559 4110 ———-.—-.

361 4225 410 4272 421
432 4223 457 4270 (11
478 4218 492 4289 ΙΙ
512 4223 708 4272 42241410οω4.
729 4220 743 4292 ΙΙ
763 4225 814 4272 428
833 4225 886 4272 Aut
900 4221 913 4290 ΙΙ
934 4217 1061 4290 104104011
1081 4223 1130 4269 427
1151 4233 1283 4282 uncaque.
1304 4219 1317 4286 ΙΙ
1338 4221 1389 4268 428
1402 4231 1472 4280 ange

362 4309 404 4358 liis
424 4307 437 4374 11
458 4323 572 4372 quaeque
596 4310 735 4361 emmaum.
756 4307 769 4377 11
789 4312 839 4358 4211
865 4309 982 4359 Titiiisrc
1003 4309 1016 4378 ll
1037 4311 1088 4358 480
1112 4308 1180 4370 qnod
1200 4305 1213 4374 ΙΙ
1237 4307 1370 4368 invisaque
1388 4301 1403 4373 Η
1426 4305 1472 4352 tii

362 4397 480 4461 grediens
499 4393 513 4464 ll
533 4399 583 4446 438
602 4399 656 4446 Ant
