3036 5150
324 323 480 477 aa,⁸
859 375 892 442 11

323 549 461 614 Florida
484 547 642 629 oblongus
670 553 701 612 et
727 546 885 631 schedae,
910 547 1088 632 quadratus
1105 547 1232 634 fluido.
1255 566 1413 611 consona

324 657 484 717 corrector
508 649 639 733 oblongi
657 698 664 714 .
682 649 805 734 tapoido
826 649 1026 733 quadratus.

407 752 908 834 453.„Nnn0on1›mvnms
935 773 1107 818 anosnos
1129 773 1261 817 rnuusr
1282 772 1414 816 suornm
1507 777 1510 790 ¹

323 877 426 928 ouon
450 875 630 926 sansacu
647 904 655 920 .
671 855 765 920 Hunc
779 875 908 921 versum
924 856 1101 922 Lambinus
1116 855 1224 922 delere
1240 875 1334 941 quam
1354 873 1416 920 ora-

322 961 441 1025 tionem
457 951 632 1024 emendare
646 957 780 1024 maluit.
793 957 997 1024 scribendum
1013 965 1062 1023 est
1073 977 1143 1024 cum
1155 958 1308 1024 Mauricio
1319 957 1416 1042 Haup

321 1063 366 1128 tio
382 1063 485 1126 itemst
489 1060 610 1148 fcea'lrb
625 1081 740 1132 ounsr
755 1085 933 1147 aquaram.
949 1060 1080 1127 Plautus
1096 1062 1130 1126 in
1145 1061 1288 1127 Poenulo
1303 1083 1322 1145 1,
1338 1061 1365 1144 2,
1379 1061 1415 1126 31

320 1167 393 1231 r'tcm
414 1188 471 1230 rroa
488 1165 672 1251 perhiberi,
689 1164 793 1243 Qacai
811 1161 899 1227 aclea
921 1163 1092 1228 muriatico
1113 1187 1180 1230 case
1202 1175 1417 1229 autumatur.

320 1267 405 1332 idem
420 1267 452 1331 in
468 1266 615 1333 Rudente
629 1289 675 1352 nr,
691 1266 720 1348 2,
736 1265 778 1330 46
801 1266 961 1350 Pompule
976 1266 1128 1331 bominem
1147 1264 1283 1352 pedibas
1303 1265 1359 1329 duc
1372 1265 1417 1328 et
1509 1265 1510 1320 ἶ

320 1368 390 1434 dero
412 1371 510 1456 quasi
528 1371 662 1435 acerbam
684 1393 769 1434 soem
790 1416 797 1432 .
821 1369 854 1433 iu
877 1367 1054 1434 Mercatore
1075 1389 1108 1452 rr,
1125 1367 1154 1451 2,
1170 1368 1212 1434 46
1234 1368 1352 1433 edelar
1372 1365 1417 1432 de·
1509 1375 1510 1380 ’

319 1473 457 1558 crepitus
475 1495 572 1537 scaea
595 1470 761 1536 Tantidem
782 1483 827 1536 eat
849 1473 947 1557 quasi
964 1473 1007 1536 sit
1027 1473 1154 1558 ¹siarcum
1172 1473 1295 1558 pictam
1314 1471 1348 1534 ia
1361 1493 1418 1555 pc·
1509 1501 1510 1506 ¹

319 1576 419 1640 ricta.
443 1557 567 1638 Munius
597 1574 683 1660 apud
706 1573 886 1639 Varronem
908 1573 950 1639 de
971 1575 1084 1657 lingua
1106 1573 1224 1638 Latina
1245 1593 1291 1636 vn
1313 1593 1343 1658 p.
1358 1570 1417 1636 320
1509 1577 1510 1580 ’

321 1673 487 1742 Tantidem
511 1675 608 1761 quasi
616 1675 693 1757 feto
715 1699 807 1740 carrea
829 1677 898 1741 arbre
920 1675 1054 1742 deatrba'
1076 1676 1193 1740 latrat.

403 1777 476 1844 455.
516 1777 566 1842 ΕΤ
602 1797 815 1841 PERGULSUS
853 1799 941 1842 ITEM
976 1799 1165 1842 PROCLIVM
1204 1797 1418 1842 rosumere.
1509 1827 1510 1848 r

319 1879 504 1960 Quadratus
528 1881 703 1968 precipue.
728 1881 848 1964 optime
877 1881 1034 1946 Marullus
1056 1893 1277 1945 rao'cuasus
1300 1883 1369 1947 dem
1388 1883 1419 1944 in

314 1984 455 2072 proclrbc
472 1981 536 2064 .‚de
558 1983 802 2067 praepositione
824 1991 930 2048 tamen
953 1982 1131 2049 dissentio:
1148 2001 1224 2048 nam
1249 1982 1369 2048 Gellius
1390 1983 1419 2046 in
1509 1969 1510 1992 *

316 2105 348 2170 x,
361 2085 404 2150 24
425 2091 551 2152 veteres
570 2083 711 2170 procliva
726 2091 757 2150 et
768 2087 910 2172 proclivi
922 2085 1143 2176 indifferenter
1158 2085 1307 2171 posuisse
1329 2085 1417 2166 dicit,

316 2187 414 2272 idque
436 2187 482 2252 ita
502 2193 536 2252 ut
553 2205 593 2251 ea
608 2185 834 2253 adverbiorum
851 2189 921 2254 loco
937 2187 1089 2254 habenda
1104 2207 1176 2254 esse
1191 2189 1272 2254 satis
1287 2187 1417 2253 iudicet.

316 2291 384 2374 egit
401 2291 442 2356 de
457 2287 518 2354 boc
533 2308 652 2372 genere
667 2289 835 2356 Madvicus
851 2291 892 2356 ad
910 2292 1096 2358 Ciceronem
1111 2291 1154 2356 de
1167 2289 1286 2356 finibus
1301 2311 1331 2376 p.
1348 2289 1418 2371 766,

315 2412 419 2477 neque
441 2391 524 2458 bunc
540 2391 680 2458 Lucretii
702 2411 829 2458 versum
852 2393 1088 2479 praetermisit:
1111 2393 1227 2460 vellem
1251 2394 1285 2458 in
1305 2395 1417 2457 'luscu-
1509 2431 1510 2446 κ

315 2497 399 2562 lauis
415 2517 457 2580 ιν,
471 2496 511 2561 28
527 2493 698 2579 probasset
714 2495 937 2561 Bentlsianum
956 2481 1096 2584 proclive
1117 2496 1187 2561 sive
1196 2495 1416 2582 procla’cea'je-

313 2611 429 2664 rantur
438 2599 616 2684 praedisci,
628 2599 772 2681 iuquam,
785 2605 820 2662 ui
831 2599 864 2664 iu
873 2599 973 2665 Persa
980 2599 1084 2664 Plauti
1095 2619 1128 2683 11,
1138 2598 1196 2680 3‚8
1208 2597 1263 2663 dr'c
1274 2597 1416 2684 septrbaer'.
1509 2637 1510 2664 r

398 2701 471 2766 456.
495 2697 624 2767 onam
640 2721 837 2764 nosrauuo
857 2740 892 2750 -
909 2703 983 2768 458.
1003 2701 1042 2773 Sr
1056 2721 1171 2764 ursus
1187 2719 1310 2764 curura
1332 2719 1416 2762 suun

314 2823 516 2890 syusvruus
530 2851 538 2868 .
553 2803 651 2869 Recte
668 2804 808 2870 Muretus
832 2805 873 2872 st
886 2807 991 2872 minos
1005 2804 1160 2868 ousrau'
1177 2816 1285 2868 sonte
1307 2803 1417 2868 raes
1509 2817 1510 2896 l

313 2919 406 2994 atque
427 2905 593 2972 rotundis.
1309 2919 1311 2926 ⁴

396 3007 470 3076 460.
499 3029 798 3080 remunerandus
825 3028 943 3072 asxs.
966 3007 1036 3074 Hoc
1063 3007 1176 3072 mirum
1199 3013 1250 3074 est
1273 3007 1415 3074 desumo
1509 3017 1510 3088 J

311 3108 437 3176 nebulis
464 3109 668 3196 flammisque
695 3111 780 3196 dici,
814 3109 933 3194 quibus
966 3111 1071 3192 magis
1098 3119 1347 3177 cousentaneum
1373 3115 1416 3174 est

310 3212 458 3302 Propere
484 3217 534 3280 ata'
551 3217 678 3302 possint
704 3237 817 3300 carpam
840 3225 1068 3299 penetrareque
1094 3231 1207 3294 susa,
1235 3213 1360 3278 seilicet
1383 3227 1415 3274 se

310 3323 481 3401 penetrare
504 3317 536 3382 in
558 3336 695 3402 corpus.

394 3415 468 3485 461.
502 3439 601 3490 ouon
637 3439 789 3490 cumcun
821 3437 984 3481 vrnsuus
1016 3414 1199 3479 Sesamus
1226 3403 1413 3480 sanarunt.
1509 3417 1510 3476 i

309 3519 347 3584 In
370 3518 419 3585 bis
440 3521 577 3606 primum
595 3521 667 3587 llali
685 3519 829 3586 lecerunt
844 3545 909 3586 eoae
932 3519 1060 3604 datam,
1083 3525 1149 3585 tum
1165 3518 1323 3585 Marullus
1338 3515 1416 3606 qood
1509 3567 1510 3576 κ

308 3625 441 3710 quosque
462 3623 623 3707 videmos,
646 3631 809 3708 postremo
833 3623 938 3689 Faber
960 3621 1105 3690 Sentibus
1111 3647 1123 3706 ‚-
1144 3622 1178 3687 iu
1201 3623 1320 3706 quibus
1342 3619 1413 3686 nihil
1509 3641 1510 3706 3

307 3725 379 3790 sani
402 3731 470 3791 est.
487 3747 570 3793 uuus
587 3727 758 3794 Oreecbius
781 3731 868 3791 recte
891 3723 975 3790 vidit
994 3723 1157 3791 ‘debuisse
1174 3725 1356 3791 Lucretium
1371 3720 1414 3788 al·
1509 3723 1510 3768 ἶ

307 3825 435 3893 firmare
461 3827 564 3894 fluida
591 3829 653 3895 ista
681 3829 858 3913 pungentia
885 3827 1147 3912 et,psuetrantia
1174 3835 1269 3893 acuta
1295 3827 1413 3894 semina
1509 3873 1510 3900 p

305 3948 371 3995 neu
395 3931 501 3996 minus
523 3950 620 4015 quam
642 3932 729 3998 levia
743 3938 775 3998 et
789 3929 927 3996 rotunda
946 3929 1109 3996 continere
1121 3931 1139 3995 .'
1164 3930 1286 3996 scilicet
1304 3925 1412 3995 eadam

305 4029 363 4097 illa
379 4031 430 4098 hic
445 4033 671 4116 significantur
683 4083 690 4118 ‚
703 4035 851 4121 Panpere
867 4057 948 4120 quae
961 4045 1094 4120 poscant
1108 4055 1223 4118 corpas
1234 4031 1301 4097 Nee
1316 4044 1411 4096 morea

305 4131 434 4201 haerere
448 4137 531 4202 inter
546 4161 578 4202 se
594 4185 602 4200 .
619 4135 680 4200 boe
696 4135 858 4201 intellecto
875 4134 1002 4220 (debuit
1016 4139 1123 4199 autem
1146 4135 1207 4199 hoo
1226 4153 1309 4200 unus
1332 4131 1412 4216 quis·

304 4253 368 4319 que
391 4235 594 4322 intellegere)
616 4239 649 4302 in
671 4238 797 4322 aliquot
812 4236 926 4304 litteris
941 4255 1042 4323 prave
1065 4235 1194 4320 scriptis
1216 4255 1307 4302 mora
1327 4234 1411 4301 nulla
1509 4239 1510 4248 ’

303 4355 376 4404 esse
391 4345 519 4425 potest,
542 4339 600 4406 sed
616 4339 718 4407 verba
733 4341 807 4425 ipsa
822 4339 1014 4406 seutentiam
1028 4345 1198 4422 secuntur,
1215 4337 1275 4404 boc
1295 4333 1410 4414 modo,

303 4439 390 4528 quod
409 4466 540 4528 comque
554 4463 777 4507 vsuuuuusr
793 4441 955 4525 Seom‘ba',
975 4439 1033 4508 red
1045 4461 1174 4504 esaum
1188 4487 1196 4503 .
1212 4439 1319 4524 itaque
1333 4460 1411 4503 rara

302 4543 403 4628 hacc,
428 4569 511 4631 quae
525 4557 645 4632 porreto
667 4549 801 4632 tempore
828 4545 933 4611 ccraa’a
955 4544 1146 4630 Da'ffupcrc,
1170 4543 1248 4626 quia
1268 4543 1411 4628 punguul
1471 4591 1475 4600 .
