3096 5142
691 391 719 458 V
1189 397 1252 464 293

229 562 304 628 447.
339 583 503 630 sucurre
542 585 642 630 nuos
679 583 846 628 τέτυκτο
868 611 876 628 .
907 563 1075 632 Oorre'otor
1106 566 1254 650 quadrati

145 687 290 750 nuens,
307 671 341 732 et
366 666 412 733 its
433 666 616 735 Macrobius
639 665 765 734 Saturn.
787 688 830 753 vr,
843 667 882 732 2.
898 667 987 753 apud
1009 667 1146 735 eundem
1167 693 1254 758 maq-

143 795 219 836 nam
240 769 362 835 eastum
384 768 438 835 ubi
461 769 494 836 in
516 769 634 836 uostris
656 775 706 835 est
727 769 846 850 οέιυπτ,
863 775 895 836 et
916 771 1064 838 Seorsum
1084 773 1175 838 itero.

228 872 301 939 449.
327 892 446 936 rusus
468 893 658 938 correus.
675 869 858 951 Quadratus
878 885 1003 940 terrae:
1017 872 1110 940 huius
1132 893 1254 941 eorreo

143 985 193 1044 tor
216 983 248 1044 et
270 973 368 1042 ueteri
390 995 545 1044 rursus.

228 1077 302 1146 455.
324 1099 344 1142 u
365 1099 544 1144 nsvrsus.
565 1075 661 1165 Apud
676 1077 873 1145 Macrobium
888 1077 1015 1145 Saturn.
1039 1079 1115 1164 v1,2
1137 1103 1195 1164 ου,
1211 1079 1254 1147 de

142 1203 207 1269 qno
231 1181 299 1248 dixi
321 1178 365 1247 ad
387 1179 504 1247 librum
525 1179 656 1264 rr‚451.

227 1283 301 1352 458.
324 1303 459 1348 seruus
482 1302 526 1346 ur
548 1303 727 1347 sussum
749 1303 924 1348 sursus.
947 1284 1022 1351 Itali
1042 1306 1083 1348 su
1105 1287 1252 1353 sustulit.

225 1387 300 1453 460.
322 1407 368 1451 sc
391 1405 506 1450 sauss
530 1405 693 1450 vrnrruus
711 1425 798 1432 -—
817 1385 891 1452 463.
915 1387 1170 1460 liunusnrous
1191 1409 1252 1453 ns·

140 1513 208 1557 cus
233 1510 426 1554 sssuusu.
447 1487 538 1568 Quae
566 1488 616 1554 his
641 1489 810 1556 interiecta
836 1493 929 1573 sunt,
953 1507 993 1553 ea
1020 1508 1087 1554 rem
1113 1510 1178 1556 uon
1206 1495 1251 1557 οἵ,

139 1597 287 1679 tingunt,
303 1590 362 1660 sed
390 1589 638 1677 descriptionem
664 1591 817 1677 temporis
843 1589 1026 1675 continent,
1046 1592 1156 1659 Aaron
1181 1617 1251 1660 cnm

135 1699 277 1788 primum
296 1695 484 1784 yemmaatsls
506 1717 577 1760 rore
600 1717 661 1782 per
681 1695 793 1761 Ιιονέου
815 1694 978 1759 Matutino
999 1695 1110 1761 rubera
1130 1695 1256 1763 rodoldi

138 1802 264 1868 lumina
289 1799 390 1866 seiri.
418 1815 498 1880 ergo
526 1815 567 1862 ne
599 1795 686 1863 labet
711 1796 815 1862 oratio
830 1844 839 1879 ,
853 1793 1071 1880 ¹scribendum
1099 1803 1149 1864 est
1177 1799 1251 1865 Νοπ

137 1904 208 1970 οέέο
231 1903 320 1988 lorsqu
341 1901 464 1967 rationo
485 1923 523 1965 ac
549 1923 643 1987 seqre
669 1919 861 1964 vrnunrun
883 1897 1061 1964 ussum
1088 1900 1177 1967 έουυο
1198 1925 1249 1968 πο-

137 2005 246 2072 έυὶουο
257 2004 418 2092 fluviique
431 2025 609 2090 perennes.

224 2107 298 2174 467.
321 2125 395 2170 suu
417 2125 457 2170 su
479 2125 587 2169 τουτο
609 2127 655 2171 sc
677 2125 886 2170 nrssusrurs
908 2125 1057 2170 sursus
1072 2105 1250 2174 donnons

137 2229 334 2276 concurro
358 2229 496 2274 cincun
518 2227 639 2273 nunus
661 2227 829 2279 usurour
844 2227 1018 2275 surrsrr.
1034 2208 1124 2288 Quae
1140 2227 1250 2276 seonn-

135 2320 189 2380 tur
217 2311 390 2396 intellego,
406 2310 501 2378 uvido
527 2311 692 2397 compleres
718 2323 820 2377 οοιοτο
845 2313 985 2398 saepsit:
1004 2310 1115 2377 aether
1142 2315 1249 2378 autem

135 2413 299 2501 quomodo
320 2437 355 2480 se
368 2413 524 2500 οοοροτζπο
546 2411 672 2478 dicetur
686 2430 751 2478 non
775 2412 889 2498 rapio.
905 2413 1096 2480 Plutarchus
1118 2412 1159 2480 de
1181 2415 1248 2501 pla-

134 2516 208 2586 eitis
230 2514 498 2602 philosophorum
521 2513 575 2598 1‚4
596 2533 628 2600 p.
640 2513 702 2580 878
717 2536 739 2578 ο
765 2513 806 2582 de
833 2515 1019 2600 corporibus
1046 2515 1191 2584 rotundis
1218 2523 1250 2584 et

133 2619 264 2688 levibus
286 2618 320 2684 in
342 2619 442 2684 altum
464 2617 583 2684 evenus
606 2609 652 2696 ὡς
673 2610 704 2684 δ’
728 2607 789 2684 οὖν
808 2613 943 2698 έξέλιπο
964 2617 1027 2702 μέν
1047 2612 1068 2706 ἡ
1085 2618 1247 2708 πληκτικὴ

134 2717 282 2808 aarum
306 2714 567 2808 μετεωρίζουσα,
602 2713 714 2789 οὐκέτι
743 2718 782 2788 δέ
807 2711 885 2809 ἦγεν
910 2714 930 2808 ἡ
957 2720 1067 2809 πληγὴ
1095 2721 1182 2810 πρὸς
1207 2721 1248 2790 τὸ

132 2822 314 2911 μετέωρον,
337 2817 501 2892 ἐκωλύετο
517 2821 676 2892 δὲταῦτα
690 2817 781 2891 κάτω
796 2819 976 2910 φέρεσθαι,
992 2821 1144 2906 έπιέζπο
1160 2823 1248 2913 πρὸς

133 2926 215 3008 τους
233 2921 361 3006 τόπους
381 2923 461 3006 τούς
490 2923 691 3010 δυναμένους
713 2923 902 3004 δέξασθαι.
925 2925 986 2993 hon
1011 2921 1162 3009 ἐπιέζετο
1186 2928 1248 2993 Lu·

134 3033 255 3100 oretins
276 3031 323 3097 ita
343 3030 503 3117 expressit
527 3037 563 3095 ut
585 3029 706 3096 diceret
731 3029 864 3096 aethera
885 3049 921 3097 se
943 3049 1076 3116 eorpore
1098 3036 1246 3096 oonoreto

134 3135 252 3204 deteris
275 3133 489 3219 appliouisse,
506 3151 578 3199 num
600 3151 704 3217 noque
723 3151 850 3200 sursum
870 3132 955 3200 ultra
968 3149 1074 3218 neque
1096 3130 1246 3198 deorsum

134 3238 274 3306 serretur
287 3285 295 3302 .
310 3235 384 3302 hnio
410 3236 457 3303 rei
485 3233 685 3321 aptissimum
715 3240 765 3301 est
790 3259 824 3302 se
851 3237 970 3303 ciream
991 3233 1085 3303 ᾱοιυο
1107 3233 1247 3323 undique

132 3360 292 3426 rusxrr,
308 3337 406 3424 idque
426 3343 555 3426 podiam
578 3335 709 3406 dedisse
730 3337 901 3407 existimo.

221 3442 296 3509 472.
320 3441 434 3508 lusus
455 3461 651 3513 ornssous
673 3460 802 3507 onosr.
821 3441 895 3508 476.
918 3461 1030 3506 rursu
1051 3461 1246 3513 unnssouu

132 3567 197 3613 rns
219 3545 390 3612 suur.1n
416 3545 526 3630 priore
551 3563 648 3612 versu
675 3543 852 3631 Marullus,
879 3544 913 3610 in
940 3545 1042 3612 altero
1070 3543 1246 3612 Lambinus

132 3649 265 3737 adripuit
278 3649 361 3715 inter
382 3660 529 3735 atrosque
538 3696 548 3730 ‚
564 3645 651 3732 quod
672 3645 812 3714 debebat
831 3653 917 3714 uerte
938 3667 1010 3714 esse
1025 3649 1107 3715 inter
1127 3661 1246 3714 utram-

133 3779 215 3842 que.
237 3749 605 3820 sed'rursnnrnsous
627 3749 801 3832 legendum
825 3769 896 3816 esse
917 3749 986 3817 dixi
1008 3751 1050 3816 ad
1073 3749 1189 3816 librum
1211 3771 1245 3836 n,

131 3855 217 3924 518.
235 3860 375 3921 notorum
396 3852 449 3918 hio
463 3851 704 3938 Hsvornempus
726 3851 865 3919 mirabili
889 3851 1057 3920 mendacio
1073 3851 1244 3920 Wakefiel-

133 3956 211 4023 dum
235 3953 381 4040 derepit:
397 3973 503 4039 neque
525 3955 610 4021 enim
630 3973 742 4021 verum
765 3961 814 4021 est
828 3955 861 4020 in
884 3955 993 4022 oodioo
1009 3954 1149 4039 oblongo
1173 3961 1247 4041 post

132 4071 241 4126 τοοοιο
263 4057 295 4122 in
318 4055 380 4123 fine
394 4075 507 4124 versus
528 4053 590 4121 471
614 4056 759 4123 additum
780 4076 851 4124 esse
874 4071 919 4124 οι.
935 4057 993 4124 sed
1015 4058 1048 4122 in
1070 4077 1167 4125 versu
1181 4059 1246 4125 474

121 4159 265 4246 foemora
293 4158 413 4226 habent
439 4158 615 4245 Vossieni,
639 4159 797 4225 Antonius
826 4159 945 4244 Marii,
967 4160 1043 4227 olim
1074 4161 1244 4246 impressi,

132 4259 290 4329 Marullus
304 4259 449 4348 :suerint
470 4261 630 4328 Aventius
652 4259 754 4328 edidit
774 4262 918 4348 primus.

218 4363 293 4428 481.
315 4383 433 4428 rusus
456 4383 648 4430 essenus.
673 4361 856 4444 Quadratus
875 4365 995 4453 piaque
1021 4366 1153 4432 οοτοίο.
1176 4385 1244 4432 eor·

131 4471 237 4534 reotor
259 4464 391 4550 oblongi
413 4486 553 4531 susos.

218 4567 293 4634 482.
328 4587 371 4631 ur
408 4587 541 4632 sensns
579 4589 767 4638 orrumr.
801 4565 969 4652 Oblongue
1006 4567 1111 4654 prima
1146 4585 1243 4635 manu
