3096 5142
297 363 361 432 252
827 361 873 428 IV

296 541 370 617 tur,
391 532 448 600 red
469 532 636 600 verissime
657 531 804 600 eonoedit
823 531 865 599 de
884 531 974 598 mode
996 535 1125 618 politam
1141 531 1220 597 nihil
1235 532 1302 598 eius
1316 523 1396 598 modi

297 636 418 702 dixisse
438 685 452 702 ..
470 635 566 702 ceteri
593 641 724 719 meent,
747 634 849 720 Pius,
873 633 1040 721 Nardins,
1064 635 1191 720 Faber,
1213 633 1397 720 ὒιιοιὶιίιιι,

296 739 562 823 Haveroampus:
585 737 673 804 solus
695 737 876 823 Forbiger,
897 735 1118 804 diffioultatem
1141 736 1256 805 fraude
1277 736 1398 821 uolans,

297 841 380 906 huno
402 858 530 906 versum
558 839 721 924 paululum
746 845 904 906 mutatum
930 839 996 905 iam
1018 837 1164 905 adfuisse
1186 838 1266 907 dioit
1286 859 1307 923 1,
1321 837 1399 906 430.

296 943 353 1008 sed
369 941 465 1008 velim
480 942 562 1008 seire
576 961 735 1026 quaenam
751 942 807 1008 illa
821 943 886 1009 sint
901 961 986 1026 quae
1001 955 1136 1028 atroque
1153 947 1251 1026 polita
1265 942 1298 1007 in
1312 941 1401 1007 melle

296 1043 468 1110 conmixta
489 1043 597 1111 dieat:
614 1064 689 1110 nam
711 1058 740 1111 ot
754 1069 869 1110 amara
883 1058 911 1110 et
925 1045 1035 1110 dulcia
1055 1043 1142 1110 unde
1160 1049 1267 1110 sumat
1281 1043 1402 1110 Lambi-

296 1165 357 1212 nus
372 1166 437 1212 uon
453 1145 549 1212 video
565 1196 573 1213 .
590 1151 835 1232 praesenserant
848 1147 933 1212 onim
956 1146 1036 1213 haee
1052 1197 1060 1232 ‚
1075 1146 1249 1214 668-670
1263 1197 1271 1232 ,
1287 1165 1327 1212 ea
1341 1165 1403 1212 oon

296 1249 432 1334 pusoula
453 1267 537 1333 quae
559 1249 631 1316 sani
659 1247 796 1315 hominis
819 1248 928 1315 sensui
952 1249 1162 1316 eonvenerint
1183 1256 1318 1334 aegroto
1343 1269 1403 1314 non

297 1351 497 1435 eonvenite,
519 1349 578 1417 sed
600 1356 707 1417 uetera
733 1351 900 1436 asperiora
926 1352 955 1418 ei
983 1351 1088 1436 magis
1109 1359 1188 1438 apta
1210 1371 1307 1418 esse.
1330 1352 1405 1418 haee
1529 1433 1530 1450 χ

298 1453 396 1536 igitur
418 1461 556 1538 utraque
577 1454 605 1519 si
627 1453 733 1519 mellis
755 1459 874 1520 natura
895 1455 1069 1520 oommixta
1094 1455 1127 1520 in
1153 1474 1190 1520 se
1212 1455 1403 1538 continebit,

296 1563 429 1639 aegroto
451 1556 572 1641 pariter
594 1575 735 1622 ausano
758 1557 949 1641 eonveniet,
972 1556 1110 1642 ideoque
1131 1563 1200 1625 tota
1222 1577 1276 1624 res
1292 1607 1300 1642 ,
1319 1575 1405 1644 prae

297 1665 345 1724 ter
367 1679 462 1744 quam
485 1659 572 1743 quod
594 1679 655 1726 nee
677 1677 756 1726 vera
777 1664 827 1726 est
848 1678 953 1744 neque
975 1659 1065 1746 prins
1086 1679 1108 1725 a
1128 1667 1228 1746 polita
1243 1662 1405 1747 exposita,

296 1763 358 1829 huo
379 1783 444 1829 non
466 1759 663 1848 pertinebit.
680 1761 745 1828 iam
759 1780 837 1828 vero
853 1760 895 1828 de
917 1763 1011 1829 melle
1033 1768 1065 1829 et
1085 1763 1168 1830 laete
1183 1763 1315 1832 dixerat
1328 1764 1361 1829 in
1375 1785 1405 1846 n,

295 1866 360 1933 402
382 1866 494 1932 horum
509 1865 669 1931 elementa
684 1913 691 1948 ‚
712 1883 796 1949 quae
810 1883 923 1932 sensus
938 1865 1076 1932 ineundo
1090 1871 1228 1950 tangant
1243 1915 1251 1952 ,
1273 1866 1358 1934 levia
1378 1871 1407 1932 et

298 1968 436 2035 rotunda
449 1987 523 2036 esse
544 1967 711 2052 minusque
732 1965 887 2052 hamata;
906 1965 1024 2035 deinde
1040 1969 1073 2034 in
1087 1989 1133 2053 ιιι,
1148 1969 1209 2034 193
1226 1969 1333 2036 mellis
1347 1987 1408 2034 ma·

253 2139 258 2150 ,
297 2073 410 2138 teriam
432 2071 537 2156 magis
559 2089 657 2156 quam
678 2087 784 2154 aquae
806 2069 889 2136 iuter
911 2070 1158 2157 secubantem,
1177 2073 1258 2159 qaia
1272 2095 1335 2137 ooo
1348 2084 1408 2135 tom
1530 2085 1531 2108 ι

297 2175 416 2241 levabas
431 2187 512 2242 eam
527 2173 718 2262 Corporeum
740 2197 839 2259 neque
859 2186 923 2238 tom
942 2174 1111 2260 suptilibus
1130 2188 1223 2262 ιιιᾳιω
1243 2172 1407 2240 rutarrds's.

297 2296 337 2343 ex
352 2278 403 2344 his
418 2284 554 2364 apparet
568 2275 632 2342 mel
647 2293 688 2341 ex
703 2274 828 2356 leuibus
843 2273 1127 2361 asperioribusque
1142 2277 1311 2343 elementis
1331 2295 1408 2342 oom-

297 2379 436 2464 positnm
465 2399 578 2446 seusus
601 2377 705 2462 magis
728 2377 875 2444 minusve
896 2378 1040 2444 suaviter
1066 2377 1196 2446 affluere
1222 2398 1286 2465 pro
1313 2369 1419 2445 textu!

297 2499 405 2547 rarum
427 2483 606 2550 varietate.
628 2481 738 2566 itaque
764 2480 826 2546 hoo
854 2485 951 2566 posta
978 2479 1214 2566 inexemplum
1239 2481 1288 2548 roi
1316 2479 1407 2566 paulo

297 2591 372 2650 ante
394 2583 532 2650 traditae
555 2588 641 2650 reote
663 2585 709 2650 nti
731 2583 836 2668 potuit
851 2605 859 2667 ;
876 2587 911 2648 ut
932 2581 1138 2650 manifestum
1158 2583 1201 2650 sit
1222 2581 1284 2650 hor
1300 2602 1407 2650 remus

298 2693 371 2770 post
392 2687 456 2752 662
483 2685 690 2754 collocandos
717 2705 812 2769 esse;
835 2683 890 2768 qui
918 2703 989 2751 euru
1015 2684 1061 2750 ibi
1088 2704 1165 2753 oasn
1191 2683 1407 2771 praetermissi

298 2796 429 2874 essent,
452 2789 586 2876 repositi
609 2789 740 2854 suntin
762 2787 826 2853 fine
847 2787 1003 2872 oapitnli.

381 2893 454 2958 668.
477 2892 544 2957 Frr
566 2912 678 2956 rarus
700 2912 748 2954 sn
771 2909 938 2954 sessus.
961 2889 1020 2956 His
1040 2845 1236 2958 addiderunt
1258 2905 1294 2956 at
1316 2894 1408 2956 Antu-
1531 2887 1532 2896 ’

297 2994 369 3060 nius
391 2993 485 3061 Marii
502 3001 533 3060 et
548 2993 703 3060 Marullus
719 3017 727 3078 3
744 2991 831 3077 quod
847 2991 1068 3060 Wakefieldus
1090 2993 1233 3080 respuit,
1256 2993 1409 3076 Forbiger

296 3117 337 3162 ne
353 3095 614 3163 commemoravit
629 3095 758 3180 quidem
775 3119 782 3160 :
799 3093 882 3162 adeo
905 3094 938 3162 hi
961 3095 1117 3162 inlantom
1140 3102 1269 3182 poetam
1293 3096 1409 3161 malunt

296 3219 393 3283 quam
415 3218 504 3265 moro
526 3199 691 3264 hominum
705 3199 890 3284 loquentem
906 3245 914 3264 .
930 3197 988 3264 sed
1004 3198 1183 3266 sententiae
1198 3197 1309 3284 aptius
1330 3197 1408 3262 inter

296 3321 333 3368 se
355 3303 553 3385 iunguntur,
574 3301 601 3368 si
618 3299 672 3366 Ur
686 3301 855 3368 soribimus
871 3319 909 3366 ee
932 3301 1004 3367 loeo
1026 3301 1082 3367 nbi
1105 3301 1179 3366 libri
1201 3299 1324 3368 habent
1338 3300 1406 3365 Fit.

382 3405 455 3469 677.
469 3425 586 3468 surus
609 3425 653 3467 ar
675 3424 789 3468 usura
811 3423 903 3468 aer.
928 3401 1111 3482 Quadratus
1134 3404 1220 3469 aliua
1241 3417 1288 3469 ast
1309 3401 1407 3487 mopr's

297 3520 348 3573 et.
373 3505 549 3571 Brixiensis
571 3505 675 3572 editor
697 3505 803 3572 omisit
825 3526 893 3590 nr,
915 3504 1024 3589 itaque
1046 3503 1206 3571 Antonius
1227 3503 1342 3571 Marii.

382 3609 454 3674 680.
477 3609 752 3680 Vourunronn.
773 3607 929 3674 Marullus
949 3605 1236 3679 Vunruauoua.
1258 3607 1293 3671 in
1316 3605 1406 3672 Hera·

297 3711 415 3777 oleensi
431 3710 542 3777 tabula
557 3712 599 3778 80
614 3711 735 3778 scribae
750 3711 886 3777 libror-oi
893 3759 903 3793 ‚
919 3708 1097 3776 incinerato
1113 3709 1231 3776 Pisano
1246 3731 1268 3794 1,
1281 3709 1324 3776 66
1346 3708 1406 3773 aire

297 3814 357 3899 qui
367 3813 417 3878 oli
427 3813 632 3898 mopritrotos
645 3826 755 3878 oront.
771 3811 829 3878 sed
845 3812 925 3879 haee
936 3813 1055 3880 vitiosa
1066 3821 1159 3896 sunt,
1174 3830 1282 3897 neque
1297 3815 1406 3896 poetae

297 3912 347 3978 his
369 3919 521 3980 utuntur.
544 3914 764 3998 quaerendum
788 3919 837 3980 ost
865 3933 928 3998 quo
956 3915 1024 3985 iure
1046 3914 1135 3980 Gabi
1152 3913 1338 3999 Propertius
1364 3907 1405 3973 di·

297 4016 380 4082 xerit
395 4037 425 4100 v,
440 4017 467 4100 1,
480 4015 522 4082 34
537 4037 544 4081 :
563 4021 691 4101 praetor
713 4015 797 4082 huno
819 4016 903 4082 enim
924 4017 978 4101 qni
1000 4035 1078 4082 oasu
1092 4021 1179 4082 reato
1194 4035 1271 4082 usna
1286 4013 1328 4081 sit
1341 4009 1405 4078 uul-

297 4119 362 4182 lnm
384 4118 485 4201 novi,
506 4137 610 4201 neque
633 4125 780 4186 constare
802 4117 908 4184 adim
929 4124 1007 4204 puto
1031 4117 1193 4204 quomodo
1216 4111 1408 4186 &aarum

298 4220 405 4286 dicere
427 4221 566 4305 potuerit
585 4219 749 4304 Vergilius
770 4221 805 4286 in
826 4241 881 4306 vn,
894 4219 955 4286 631
974 4269 982 4285 .
1003 4221 1036 4286 in
1058 4220 1184 4286 Manilii
1199 4219 1294 4305 slat
1318 4216 1404 4280 Bent-

298 4323 380 4389 leius
403 4329 512 4406 reete,
532 4321 595 4388 nisi
618 4321 738 4406 fallor,
760 4321 953 4407 improbavit
969 4322 1188 4409 Oertontorque
1211 4321 1293 4388 Deos’
1310 4317 1402 4384 υοιίι.

297 4444 401 4508 neque
417 4423 612 4492 eredendum
628 4423 785 4510 Eutychio
802 4473 810 4509 ‚
832 4443 904 4489 enm
919 4423 997 4490 dioit
1018 4443 1049 4508 p.
1066 4423 1149 4488 2147
1169 4422 1351 4490 Terentium
1372 4415 1403 4480 in

299 4523 452 4591 Eunucho
475 4545 533 4610 per
548 4543 726 4609 apooopam
748 4525 896 4610 posuisse
912 4525 1002 4591 loni.
1019 4522 1099 4590 illud
1115 4525 1322 4592 eertissimunr
1338 4524 1400 4599 est,
