3052 5150
320 345 382 412 140
857 344 890 410 11

405 515 497 582 1130.
522 515 653 582 Donec
668 535 878 580 anuscnnni
890 563 899 582 .
911 514 1037 582 Nouius
1048 536 1079 600 p.
1091 515 1153 581 247
1168 523 1199 582 et
1210 515 1272 582 248
1287 515 1411 582 adolere

317 633 362 686 cst
384 645 476 686 arere
494 667 501 682 .
519 661 605 668 --
622 619 768 701 adelae,
784 642 920 704 cupere,
935 618 1089 686 maerore
1099 667 1108 701 ,
1120 619 1298 706 propitiare
1313 669 1320 684 .
1335 659 1411 668 ——

317 721 516 806 adolescere,
538 744 698 805 creseere,·
720 720 804 787 nude
823 719 1052 808 adulescentem
1071 720 1149 787 dicit
1169 719 1358 805 (legendum
1371 729 1415 790 est

317 825 468 909 decimus)
483 872 490 888 .
507 825 676 890 Lstcretius
698 823 751 904 tit.
771 843 796 886 11
817 823 964 911 Denique
984 823 1192 892 adulescendi
1209 849 1359 892 summum
1378 840 1415 892 te·
1512 883 1513 888 ,

317 929 414 1015 tipere
436 950 583 992 cacumen
604 975 613 994 .
633 927 792 993 Laberius
818 927 852 992 iu
874 925 1043 992 Sororibus
1065 927 1155 992 Laus
1176 929 1301 994 maniae
1319 928 1416 1016 ploria

317 1028 467 1096 odolmeit
478 1077 486 1094 .
498 1027 582 1096 hune
596 1027 726 1096 dedisse
741 1027 890 1094 existimo
906 1029 1054 1115 Douspue
1071 1029 1235 1096 alescendi
1245 1079 1255 1114 ,
1270 1038 1302 1098 et
1314 1031 1416 1114 Laus,
1512 1107 1513 1120 p

316 1155 443 1215 umneu,
463 1133 591 1220 pterea,
614 1132 743 1198 olescit.

404 1235 496 1300 1131.
519 1256 562 1298 nn
577 1255 702 1300 neuen
716 1255 892 1298 snuunnu
907 1286 914 1302 .
927 1234 966 1300 Iu
981 1233 1064 1300 libro
1075 1254 1122 1320 111,
1137 1235 1219 1302 1017
1236 1237 1417 1304 rotundis
1512 1227 1513 1240 ἶ

317 1335 427 1404 dieeus
449 1338 482 1402 in
505 1336 668 1404 Aeneidos
683 1359 726 1422 xi,
743 1337 806 1404 368
826 1338 922 1403 rubor
931 1386 941 1420 ,
962 1337 1054 1403 robor
1068 1336 1234 1422 Romanus
1253 1341 1288 1406 iu
1302 1340 1418 1424 georgi·
1512 1345 1513 1350 ’

317 1459 377 1506 eon
399 1461 444 1522 111,
461 1440 545 1506 235.
567 1439 733 1506 Charisius
755 1460 786 1525 p.
802 1440 844 1506 66
867 1437 907 1506 de
930 1439 1112 1506 nominibus
1135 1460 1220 1525 quae
1243 1466 1279 1508 or
1300 1441 1419 1526 syllaba

318 1543 527 1609 terminantur
543 1543 714 1610 Praeterea
738 1557 766 1610 et
787 1543 948 1609 neutralia
969 1545 1064 1630 siqua
1085 1557 1158 1608 suut
1167 1593 1178 1626 ‚
1195 1558 1225 1610 et
1239 1546 1315 1611 baec
1329 1546 1417 1611 corri-
1512 1567 1513 1618 j

312 1647 466 1732 pausetur,
482 1645 565 1712 uelut
575 1669 694 1732 aequor
704 1646 866 1732 aequoris,
880 1669 1019 1712 marmor
1032 1647 1219 1729 marmoris,
1235 1647 1328 1713 robor
1342 1649 1418 1714 robo-
1512 1707 1513 1714 ,

185 1797 192 1813 .
317 1747 1418 1835 rectoratus.eademiterump.95:sieidemp.1tet29.grm-

316 1851 450 1918 metitus
464 1851 678 1918 Eichenfeldii
700 1871 732 1937 p.
744 1853 784 1918 91
810 1852 850 1917 In
872 1861 909 1918 oi·
929 1851 1107 1917 masculina
1128 1853 1236 1917 omnia
1259 1867 1350 1936 sunt,
1372 1877 1418 1918 ee-

315 1957 412 2042 ceptis
423 1957 473 2020 liis
483 1955 861 2042 tribuefemiuiais,usor
872 1979 964 2022 soror
974 1955 1082 2038 arbor,
1091 1954 1196 2041 adque
1206 1978 1266 2022 eece
1276 1953 1418 2021 neutrali·
1512 1945 1513 1952 ¹

315 2058 385 2141 bus,
397 2083 451 2124 eor
462 2082 581 2146 aequor
591 2081 733 2124 marmor
744 2056 825 2124 ador
836 2057 1020 2123 roborabor.
1037 2057 1161 2124 Phanas
1176 2055 1418 2142 inartep.1695
1512 2053 1513 2062 ’

316 2160 823 2246 caenobiis,teeader‚toe
839 2160 1222 2246 marinordtocacquor,
1239 2160 1297 2226 loe
1316 2159 1417 2225 roba.

315 2263 493 2348 Agroetius
509 2285 540 2350 p.
553 2264 637 2330 2269
653 2263 762 2328 Rubor
777 2262 891 2330 cobrin
906 2275 971 2347 est,
986 2263 1082 2328 robur
1096 2263 1245 2346 virtutes,
1261 2264 1353 2330 robor
1372 2286 1417 2326 ar·

316 2367 401 2432 berb
418 2414 426 2432 .
442 2370 554 2432 eonna
574 2365 791 2447 Quintilianus
813 2366 847 2431 iu
868 2364 951 2432 libro
967 2387 988 2449 1,
1004 2365 1035 2450 6,
1050 2364 1093 2430 22
1115 2365 1191 2432 ebur
1212 2379 1242 2432 et
1264 2367 1358 2434 robur
1377 2366 1418 2432 ita

315 2467 401 2534 decta
423 2493 462 2534 ae
483 2471 605 2558 scripta
626 2471 757 2536 summis
779 2469 960 2535 auctoribus
982 2466 1100 2534 tradit.

404 2571 496 2638 1135.
532 2573 661 2638 Penas
692 2592 797 2637 nono
820 2592 1024 2636 nussuneuu
1055 2590 1100 2634 un
1126 2591 1148 2633 a
1177 2591 1217 2633 su
1253 2591 1417 2636 consoni

317 2695 471 2739 uiuum.
495 2675 668 2764 Dbparpit
689 2675 875 2759 oblongus,
898 2673 985 2741 idem
1006 2692 1028 2738 a
1049 2679 1228 2740 eorreetore
1252 2675 1417 2762 desperpit,

316 2777 494 2862 quadratus
510 2777 661 2862 ambigue
676 2777 804 2865 syllaba
822 2797 881 2864 per
893 2801 917 2865 p
932 2776 1071 2842 litteram
1085 2773 1274 2860 perductam
1298 2781 1418 2843 notata.

315 2879 433 2948 deinde
455 2879 632 2966 quadratus
655 2895 683 2947 et
698 2905 719 2946 a
733 2905 786 2964 sc,
810 2880 968 2964 oblongus
983 2891 1071 2944 aetas
1085 2902 1101 2944 e
1112 2901 1124 2962 ,-
1146 2877 1233 2962 quod
1258 2897 1315 2946 eur
1336 2893 1363 2946 et
1376 2899 1416 2942 sa

313 3007 347 3049 ee
362 2983 565 3050 scribendum
581 2984 623 3050 sit
634 2983 677 3048 ad
688 2982 805 3050 librum
816 3004 859 3065 vu,
871 2981 934 3049 925
947 2999 1106 3067 exponam
1119 3029 1126 3044 .
1139 2979 1199 3047 sed
1209 2982 1323 3067 modo,
1338 2977 1417 3066 qued

314 3085 473 3152 Lambino
489 3085 675 3172 displicuit,
692 3085 871 3152 sententiae
887 3085 1008 3170 optime
1024 3084 1173 3152 convenit
1188 3107 1195 3149 :
1211 3091 1262 3152 est
1283 3085 1366 3152 euim
1380 3080 1417 3148 ad

314 3187 371 3255 illa
386 3187 589 3256 referendum
603 3208 687 3273 quae
701 3193 968 3274 praeeessaruut,
992 3187 1141 3273 aupmine
1156 3186 1323 3276 adempto,
1339 3182 1416 3271 quod

316 3298 476 3358 corrector
497 3291 630 3374 oblongi
652 3309 717 3356 nou
740 3295 826 3356 reete
849 3289 925 3356 feeit
946 3288 1058 3376 adepto
1071 3337 1078 3354 .
1093 3295 1125 3355 et
1146 3289 1275 3357 Reiaius
1299 3290 1341 3356 ad
1362 3289 1417 3354 Ru·

315 3393 444 3460 dentem
467 3393 653 3462 observavit
674 3393 824 3460 Plautum
845 3391 1038 3476 aliquotiens
1064 3392 1155 3458 modo
1182 3393 1341 3478 produeta
1360 3389 1417 3476 syl-

314 3497 392 3562 laba
402 3497 581 3582 posteriore
593 3497 714 3564 dixisse
725 3496 816 3582 (vide
828 3494 1000 3562 asinariae
1015 3495 1095 3578 prol.
1106 3496 1149 3574 5,
1165 3495 1275 3562 Aulul.
1286 3517 1318 3580 n,
1331 3495 1359 3578 2,
1371 3491 1416 3574 62,

314 3600 432 3666 Pseud.
444 3622 478 3686 u,
490 3602 520 3684 3,
533 3601 574 3666 23
588 3650 596 3684 ,
612 3602 711 3668 Poen.
722 3623 744 3685 1,
757 3600 786 3684 2,
801 3599 857 3684 l),
873 3603 970 3682 atque
992 3597 1053 3664 boe
1076 3597 1160 3664 idem
1183 3602 1312 3683 poetam
1334 3595 1416 3664 ona

315 3702 389 3770 viae
405 3723 518 3770 ausum
533 3723 605 3770 esse
620 3723 717 3770 versu
728 3703 792 3770 213
805 3751 813 3768 .
826 3701 859 3766 iu
874 3721 940 3784 qua
955 3720 990 3766 re
1005 3719 1201 3786 quamquam
1218 3695 1424 3767 memorabile

316 3811 428 3872 estne
451 3804 609 3872 Senecam
631 3805 762 3890 quidem
789 3812 845 3870 ant
874 3804 972 3870 alium
1001 3802 1128 3868 illorum
1151 3809 1328 3889 temporum
1348 3803 1415 3886 pot

315 3913 401 3992 tam,
425 3927 496 3974 cum
519 3927 629 3976 veram
651 3932 669 3974 o
691 3909 818 3975 litterae
840 3906 1053 3992 quantitatem
1068 3923 1168 3992 saepe
1190 3905 1413 3990 neglegerent,

315 4029 489 4096 peccasse,
516 4017 590 4078 sunt
612 4017 719 4078 tamen
748 4011 833 4076 iuter
854 4015 981 4076 veteres
1002 4015 1075 4094 pou
1095 4009 1266 4093 Plautum,
1289 4021 1414 4091 quorun

315 4112 504 4179 auctoritate
526 4112 658 4180 medere
678 4113 840 4200 possimus
856 4112 1036 4178 Lucretium
1058 4117 1090 4176 et
1104 4109 1156 4178 bie
1171 4119 1203 4178 et
1217 4128 1316 4197 supra
1329 4121 1414 4172 versu

316 4215 376 4284 941
394 4221 427 4281 et
441 4213 580 4283 fortasse
595 4218 628 4282 iu
643 4239 687 4302 ιν,
702 4217 782 4284 1181
800 4213 890 4282 modo
905 4213 1119 4298 produxisse.
1132 4213 1298 4281 Terentius
1314 4213 1345 4276 iu
1360 4207 1413 4274 He

316 4337 395 4404 cyra
408 4339 436 4403 ν,
448 4318 479 4401 3,
494 4319 536 4384 32
556 4321 639 4385 Eum
658 4321 734 4386 haee
753 4319 895 4406 copnouit
913 4317 1086 4404 Myrrhina
1105 4317 1140 4382 ia
1160 4313 1260 4402 dipito
1273 4309 1360 4379 modo
1372 4331 1414 4374 mo

316 4422 444 4488 6661111
456 4444 467 4488 .·
481 4427 567 4488 recte
582 4421 668 4487 enim
684 4421 849 4490 Bentleius
869 4418 1011 4486 editione
1033 4417 1176 4484 secunda
1198 4417 1342 4496 lmen,
1363 4406 1413 4476 sed

317 4525 392 4592 boec
414 4543 593 4609 prenomen
616 4524 646 4588 iu
671 4524 770 4594 alium
792 4525 896 4590 locum
919 4520 1056 4588 traieere
1078 4519 1156 4586 nihil
1172 4540 1254 4608 opus
1268 4523 1335 4600 est,
1351 4530 1412 4580 cun
