3096 5142
669 259 746 372 1vv
1143 387 1145 392 ,
1184 310 1248 379 247

221 477 294 543 607.
324 477 427 542 lineo
453 497 676 540 seruaturus
701 497 798 541 uoce
825 499 1253 564 vocruus,aeu1rssu·

24 645 25 658 ¹
142 597 208 643 rso
230 578 361 646 Ousia
384 600 483 652 ausu
506 599 649 643 crucum
678 600 852 646 ruuauur
873 631 881 647 .
904 583 1046 650 luerem
1066 583 1144 668 quia
1165 586 1254 650 earet

141 701 252 765 seusu,
269 681 423 748 Marullus
439 681 724 768 scripsissem,
739 683 827 767 quod
843 689 892 752 est
906 683 975 752 iere
988 700 1078 751 erant
1092 687 1144 754 vel
1159 700 1252 770 sune,

141 783 188 850 vel
208 784 318 870 potius
340 809 406 852 esse
423 798 579 872 pessumi.
600 783 658 852 sed
679 784 741 851 hoe
762 809 843 872 qaae
855 785 986 872 fuerim
1009 787 1088 854 mihi
1111 789 1199 857 iners
1220 794 1254 856 et

140 885 305 954 molestum
320 885 466 954 ridetur.
482 887 597 954 melius
612 892 709 953 estut
724 885 766 953 de
787 888 912 954 vocum
934 887 1015 956 haee
1031 891 1252 977 accipiantur,

140 988 243 1056 abdsie
264 1002 350 1056 retro
372 989 487 1058 Omasiz
509 1013 590 1078 qaae
611 990 730 1055 micam
751 1009 937 1056 uaauuur.

219 1093 295 1160 609.
324 1113 383 1156 vua
409 1113 594 1176 mansoris
615 1141 622 1158 .
645 1091 799 1177 hpressi
822 1113 898 1157 vrrs
919 1143 927 1158 .
950 1095 1009 1162 sed
1035 1094 1177 1180 imperiti
1204 1103 1253 1174 est

139 1194 275 1262 seribere
298 1194 451 1280 dirceus,
467 1194 671 1263 Wakefieldo
693 1194 764 1262 solo
786 1194 921 1278 dignum
942 1195 981 1262 de
1001 1199 1120 1263 reclei.
1143 1197 1252 1284 deriqe

139 1297 251 1384 deriqsl
269 1297 420 1366 dereeere
443 1297 609 1366 derexerat
630 1296 830 1382 derectaeque
853 1297 1016 1366 Medieeus
1040 1299 1176 1383 Vergilii
1200 1318 1251 1364 aa·

139 1399 198 1466 dex
220 1400 376 1486 sexiens,
395 1419 455 1468 use
477 1400 608 1486 saepius
631 1397 717 1466 idem
739 1399 844 1487 diriye
860 1399 990 1488 diriys‘te
1004 1401 1146 1488 dirs‘yere
1167 1399 1251 1468 dire-

139 1503 183 1570 aa
203 1501 345 1570 diecesi.

219 1605 295 1672 610.
322 1627 488 1670 casuras
514 1625 615 1670 samo
642 1605 766 1671 Suara
794 1627 914 1671 suras
942 1626 1052 1672 sorra
1079 1627 1178 1691 aar,
1205 1628 1250 1671 sr

139 1725 250 1772 rocus
272 1729 462 1774 acerrume
483 1727 607 1772 suras
627 1753 635 1770 .
659 1707 815 1774 Marullus
836 1709 925 1774 nullo
947 1728 1044 1775 seusu
1067 1708 1108 1775 Se
1129 1733 1250 1795 supra,

140 1829 237 1894 neque
252 1809 373 1878 suffieit
386 1811 504 1898 Saepta
517 1834 619 1897 supra
634 1808 830 1876 Wakefieldi
843 1859 851 1876 .
866 1816 964 1895 polita
975 1809 1054 1877 alibi
1061 1833 1125 1898 per
1139 1825 1250 1897 saepta

139 1910 235 1998 dixit,
251 1913 355 1981 semol
376 1915 603 2000 intersaepta:
617 1912 669 1978 hie
691 1911 818 1980 videtur
839 1912 1008 1998 seripsisse
1022 1911 1174 1978 surrex
1196 1934 1250 1976 ru·

140 2034 203 2078 rus
219 2065 227 2100 ‚
243 2015 323 2100 quia
344 2014 538 2100 sequebatur
560 2028 651 2081 exera
672 2021 704 2082 et
725 2014 809 2081 male
830 2014 969 2082 sonabat
990 2014 1108 2102 Saepta
1130 2015 1238 2080 intra.

219 2119 295 2184 612.
321 2139 399 2184 uuir
427 2137 589 2182 rusum
615 2138 783 2184 cususs.
805 2117 941 2184 Versum
963 2117 998 2184 iu
1019 2115 1082 2183 fine
1104 2115 1250 2182 mutilum

140 2220 287 2306 supplere
309 2220 405 2288 laeile
419 2238 589 2306 possumus
608 2239 649 2286 ex
670 2220 753 2287 libre
767 2241 788 2304 1,
801 2217 885 2303 354,
902 2218 958 2285 ubi
974 2225 1023 2288 est
1037 2220 1248 2305 intersaepta

140 2338 238 2390 meant
255 2347 345 2390 voees
360 2335 389 2390 et
402 2323 515 2390 clausa
535 2329 720 2388 memorium
740 2321 976 2388 Trassevolilaal
992 2371 1000 2388 .
1015 2321 1155 2407 pessime
1172 2321 1247 2388 Itali

139 2425 245 2492 clausa
266 2425 439 2510 (Marullus
461 2425 617 2508 claustra)
637 2427 783 2492 asarum.

220 2528 293 2596 615.
316 2527 397 2593 Hoc
419 2548 484 2599 eur
506 2548 687 2593 susurrans
710 2547 1014 2612 sueuu,u1uuus
1034 2548 1160 2600 araus
1182 2548 1248 2592 ra·

139 2649 256 2696 aarum
280 2631 504 2696 Pausouuuu
518 2650 667 2694 susurru
686 2653 722 2694 ru
742 2653 783 2695 su
801 2650 978 2694 neruosus
992 2652 1085 2695 suus
1106 2651 1246 2696 uersu.

139 2731 203 2798 llos
225 2732 434 2800 salsissimum
450 2738 499 2799 esi
514 2738 546 2799 et
560 2738 672 2818 aperie
687 2737 846 2818 repugnat
867 2731 975 2798 versui
997 2732 1081 2817 522,
1098 2733 1247 2816 quamvis

140 2834 248 2918 probet
271 2835 492 2902 Wakefieldus
515 2855 587 2901 uum
615 2835 739 2902 familia
764 2853 826 2901 sua
845 2881 853 2899 .
875 2833 1058 2900 laudandus
1081 2854 1158 2918 ergo
1182 2836 1247 2901 Ma

140 2938 259 3024 rullus,
277 2938 332 3024 qui
354 2937 484 3024 scripsit
504 2939 583 3004 Nae
605 2939 678 3024 qas'e
699 2939 849 3004 sentimus
866 2985 874 3002 .
894 2955 971 3018 nam
990 2959 1046 3002 aec
1063 2937 1247 3023 plusculum

140 3045 184 3106 est
204 3061 264 3108 nee
285 3040 415 3130 mimimo
438 3040 510 3125 plus
526 3089 534 3107 .
550 3041 652 3106 Varro
676 3039 717 3107 de
739 3059 774 3107 re
795 3039 917 3106 rustica
936 3059 971 3123 11,
984 3037 1014 3122 l,
1029 3038 1070 3104 10
1084 3038 1161 3106 Cum
1176 3062 1246 3104 coa-

139 3157 281 3228 ceperum
294 3167 412 3230 equae,
426 3141 597 3209 mumdum
611 3167 650 3209 ae
665 3142 804 3208 alerem
815 3140 997 3228 plusculum
1012 3187 1020 3205 .
1041 3139 1122 3206 nihil
1139 3146 1247 3207 tamen

139 3259 252 3313 musae
278 3251 327 3311 est
353 3264 410 3312 aur
435 3247 508 3332 quei
533 3245 640 3329 potius
670 3243 829 3311 scribatur
854 3261 951 3326 quam
979 3243 1064 3328 qui:
1085 3261 1190 3326 usque
1213 3243 1246 3308 iu

140 3342 198 3412 line
223 3347 381 3414 Marullus
408 3345 520 3413 debuit
545 3346 686 3414 seribere
708 3347 786 3434 plue
807 3346 947 3432 operui,
970 3343 1029 3410 sed
1052 3343 1131 3431 plus
1154 3364 1245 3408 ors-

139 3467 283 3517 uaava.
312 3450 470 3516 Auianius
496 3447 590 3516 Marii
617 3449 694 3536 plue
720 3473 834 3536 operae
861 3446 969 3535 qaid,
992 3447 1068 3512 olim
1098 3447 1246 3533 impressi

137 3551 207 3634 plue
228 3557 403 3642 opereque,
427 3553 604 3619 Lambinus
619 3551 759 3639 plusque
780 3551 894 3636 eperas'
903 3597 911 3615 .

217 3656 289 3723 619.
312 3655 442 3727 Siquis
464 3676 584 3719 roura
605 3675 708 3719 usuu
728 3672 899 3716 rasurus
918 3673 963 3716 ac
983 3673 1138 3716 success
1159 3673 1246 3717 cor-

139 3773 216 3822 1²1r.
236 3755 419 3837 Quadratus
439 3781 603 3844 praemere
624 3781 662 3822 aa
683 3757 810 3822 meare.
830 3753 990 3821 Antonius
1009 3755 1106 3821 Marii
1127 3761 1160 3822 et
1180 3756 1247 3822 Ma·

139 3857 233 3925 rullus
255 3885 293 3926 aa
314 3862 434 3927 ssbaare
455 3861 600 3946 recepit:
621 3857 781 3925 Aventius
808 3858 909 3923 multo
935 3857 1051 3924 melius
1073 3859 1246 3926 exsiccare·

140 3982 193 4042 que
213 3963 313 4048 eoepit
324 4009 333 4046 ,
349 3969 382 4029 et
402 3962 506 4048 potuit
526 3961 659 4047 propius
681 3959 725 4026 ad
747 3960 871 4027 litteras
893 3957 1117 4047 adsseeureque
1127 4011 1137 4044 ,
1152 3980 1247 4027 voea-

140 4057 207 4128 bulo
236 4083 257 4130 a
284 4063 464 4132 Columella
490 4063 722 4147 frequentato.
752 4059 956 4128 Wakefieldo
989 4067 1096 4128 lamen
1128 4063 1244 4130 ‘tulius’

140 4163 260 4232 ridetur
282 4167 381 4253 cespis
402 4166 543 4232 seribere
565 4184 663 4249 quam
682 4163 806 4249 aliquid
820 4169 976 4252 temptare
991 4187 999 4250 3
1014 4163 1181 4248 ‘quamvis'
1199 4165 1246 4232 iu·

141 4267 202 4346 quil
222 4267 298 4334 ‘uon
319 4267 426 4334 adhue
447 4268 482 4332 in
505 4267 685 4353 exemplum
708 4265 904 4351 quidpiam,
928 4285 995 4334 rem
1018 4267 1176 4352 propius,
1199 4268 1244 4332 uli

139 4369 227 4437 vaide
254 4369 409 4436 velemus
430 4419 438 4454 ,
462 4370 623 4452 attingens
644 4419 653 4455 ,
676 4368 884 4436 inuiderimus
906 4369 924 4432 .’
955 4368 1032 4434 mihi
1061 4368 1244 4452 exemplum

140 4463 224 4538 huius
252 4472 385 4557 perlecti
407 4477 536 4557 praesto
560 4479 639 4557 est,
666 4472 754 4555 sed,
783 4477 817 4537 ut
837 4471 914 4536 mihi
937 4469 1093 4554 ridetur,
1123 4469 1245 4536 fallax.
