3052 5144
276 405 312 466 10
824 399 836 461 l

270 589 352 651 quae
377 589 436 634 nos
460 569 615 632 fecundas
639 578 797 634 vertentes
820 591 948 634 munere
971 573 1086 651 glebas

269 683 431 764 terraique
454 684 556 747 solum
580 683 763 766 subigentes
786 684 886 749 cimus
912 685 955 749 ad
977 693 1084 750 ortus:

269 798 354 879 quod
378 797 404 860 si
427 795 519 859 nulla
541 795 664 874 forent,
688 805 795 862 nostro
819 799 888 862 siue
911 819 1058 880 quaeque
1079 800 1188 863 labore

270 917 382 993 sponte
405 930 463 974 222
486 911 583 974 multo
607 911 673 974 lieri
698 891 831 976 meliora
854 913 998 978 iideres.

196 1047 245 1092 222
313 1025 383 1090 Η22
406 1027 529 1092 accedit
552 1027 597 1090 uti
621 1026 756 1108 quicque
778 1027 811 1091 in
835 1049 895 1092 222
917 1049 1052 1111 corpora
1074 1047 1196 1091 rursum

270 1139 427 1205 dissoluat
449 1150 562 1206 natura
586 1160 691 1222 neque
715 1142 755 1204 ad
780 1142 877 1206 nilum
901 1143 1067 1206 interemat
1089 1159 1160 1205 res.

272 1275 345 1318 nam
369 1255 473 1336 siquid
496 1254 630 1318 mortale
652 1275 669 1318 e
692 1255 815 1319 eunctis
838 1254 980 1338 partibus
1003 1263 1107 1330 esset,

272 1389 312 1433 ex
334 1369 434 1433 oculis
458 1389 508 1432 res
531 1385 679 1448 quaeque
702 1374 830 1449 repente
854 1376 963 1451 erepta
986 1370 1124 1452 periret:

272 1483 360 1546 nulla
383 1484 413 1546 vi
436 1483 517 1547 soret
540 1501 617 1546 usus
640 1481 745 1564 cuim,
770 1502 854 1562 (qnae
876 1484 1019 1566 partibus
1043 1484 1112 1548 eius

199 1619 249 1663 222
274 1598 439 1662 discidium
464 1615 579 1679 parere
601 1601 633 1660 ot
656 1615 758 1660 nexus
781 1597 948 1661 exsolvere
971 1605 1099 1680 posset.

273 1713 358 1792 quod
382 1731 484 1786 nunc,
508 1717 637 1774 aeterno
661 1711 735 1793 quia
758 1717 902 1775 constant
925 1715 1046 1777 semine
1070 1733 1236 1795 (quaeque,

272 1826 376 1891 donec
399 1826 446 1890 vis
471 1825 567 1902 obiit,
592 1843 673 1906 quae
698 1844 748 1888 res
772 1824 951 1890 diverberet
973 1829 1037 1892 ictu
1093 1867 1104 1884 .

270 1947 325 2004 222
347 1941 431 2004 12222
454 1945 597 2023 penetret
618 1959 676 2021 per
699 1938 806 2002 inania
828 1941 1066 2024 dissoluatque,

273 2054 392 2118 nullius
415 2053 543 2118 exitium
567 2053 821 2147 patiturnatura
843 2056 961 2120 videri.

198 2189 247 2235 222
274 2175 440 2252 praeterea
462 2187 544 2247 quae
567 2187 702 2248 cumque
725 2175 880 2234 vetustate
901 2177 1027 2234 amovet
1050 2177 1161 2244 22222,

272 2283 297 2346 21
321 2281 447 2366 penitus
470 2282 605 2366 peremit
627 2301 817 2348 consumens
841 2283 1006 2348 materiem
1029 2303 1177 2358 omnem,

273 2397 356 2460 unde
379 2397 519 2460 animale
541 2415 643 2477 genus
665 2398 840 2478 generatim
865 2399 897 2462 in
921 2399 1040 2463 lumina
1062 2400 1147 2463 vitae

270 2511 414 2575 redducit
437 2511 567 2595 Venus,
591 2517 646 2575 222
670 2510 855 2577 redductum
880 2513 1019 2577 daedala
1045 2513 1140 2578 tellus

272 2625 358 2690 unde
380 2627 436 2690 elit
458 2633 554 2708 atque
576 2633 673 2708 auget
696 2627 870 2710 generatim
895 2629 1016 2711 pabula
1038 2627 1221 2711 praebens?

200 2761 250 2807 222
275 2740 358 2804 nude
381 2761 490 2818 mare,
513 2741 662 2823 ingenuei
687 2743 810 2816 fontes,
835 2751 1023 2824 extentaque
1046 2741 1143 2823 longe

273 2855 405 2920 flumina
428 2857 658 2941 suppeditant?
682 2857 766 2922 unde
789 2856 900 2922 aether
922 2855 1029 2928 sidere
1052 2857 1179 2938 pascit?

276 2974 381 3038 omnia
404 2975 486 3038 enim
511 2973 626 3055 debet,
650 2973 776 3036 mortali
799 2993 930 3056 corpore
953 2991 1036 3055 quae
1059 2978 1152 3053 snut,

274 3089 396 3153 infinita
418 3095 507 3153 aetas
531 3107 720 3172 consumpse
744 3095 816 3152 ante
839 3094 912 3150 acta
934 3087 1089 3167 diesque.

273 3200 359 3283 qnod
383 3203 409 3266 si
431 3204 464 3266 in
487 3223 525 3266 22
548 3203 651 3286 spatio
675 3209 770 3284 atque
793 3209 866 3266 ante
889 3210 961 3266 2222
985 3205 1090 3266 aetate
1113 3199 1202 3264 fuere

202 3339 252 3383 222
277 3337 295 3382 2
318 3317 433 3398 quibus
457 3317 537 3382 haec
560 3337 661 3382 rerum
686 3317 830 3384 consistit
852 3336 977 3382 summa
999 3315 1135 3397 resecta,

273 3432 433 3496 inmortali
457 3438 530 3495 sunt
551 3445 667 3497 natura
690 3431 834 3516 praedita
857 3439 961 3514 certe,

275 3547 352 3610 haut
373 3547 470 3626 igitur
491 3555 626 3629 possunt
648 3547 689 3611 ad
714 3547 811 3610 nilum
835 3567 983 3628 quaeque
1008 3548 1141 3613 reverti.

275 3661 416 3742 denique
440 3681 491 3726 res
514 3662 616 3725 omnis
639 3663 752 3726 eadem
775 3663 824 3726 vis
846 3681 1009 3744 causaque
1032 3662 1128 3745 volgo

275 3775 464 3858 conticeret,
488 3775 551 3840 nisi
574 3776 721 3840 materies
745 3785 876 3840 aeterne
898 3783 1037 3858 teneret,

203 3913 254 3959 222
277 3892 415 3954 interce
438 3910 521 3954 nexu
545 3889 649 3954 minus
671 3895 727 3952 ant
750 3868 852 3971 magis
873 3890 1080 3974 indupedita:

274 4011 377 4070 tactus
401 4005 484 4068 enim
507 4003 562 4069 leti
586 4003 663 4069 satis
686 4011 771 4070 22222
794 4025 892 4070 22222
914 4006 1079 4088 22212222;

274 4121 413 4205 quippe,
437 4121 491 4184 ubi
514 4119 603 4184 nulla
626 4118 731 4186 forent
753 4127 883 4184 aeterno
907 4139 1061 4203 corpore,
1085 4139 1218 4202 qnorum

278 4373 328 4422 215
350 4371 471 4434 quioquid
490 4371 516 4420 in
537 4369 550 4441 11
572 4375 620 4420 211
642 4387 656 4422 2
674 4371 812 4422 ceriarum.
834 4367 846 4438 11
868 4371 918 4420 230
937 4377 1091 4430 externaque
1110 4363 1124 4436 ll
1144 4369 1292 4418 21222222
