3052 5150
287 303 346 370 168
810 299 861 366 111

284 475 370 540 sario
397 473 600 540 scribendum
631 479 680 538 est
702 471 792 556 Ιφιιζι
819 472 853 534 ic
880 473 1036 538 aetheriae
1065 473 1189 538 volucer
1211 497 1244 538 ae
1264 475 1381 538 cuntulit

284 599 377 660 orae,
401 596 422 642 a
442 577 558 660 quibus
574 577 607 641 in
622 575 777 661 proximis
793 587 1013 640 manasserus
1034 577 1184 662 A'e‘raquc
1207 573 1382 658 distinguit.

368 679 441 744 412.
465 681 506 744 lu
530 675 687 749 ouooua
708 697 803 740 auur
825 697 907 740 arua
929 697 1104 742 rnnurcra
1126 697 1198 742 uos
1224 698 1304 741 rrcr
1324 697 1381 740 ao·
1491 669 1492 750 J

283 801 378 846 aun.
395 782 516 846 Eorum
544 801 607 864 quo
636 778 839 845 referendum
865 778 908 844 sit
929 779 985 844 vix
1007 786 1162 865 apparet.
1180 779 1383 848 concedamus
1491 811 1492 866 ι

285 889 392 948 tamen
407 901 446 948 eo
470 890 502 948 et
524 902 650 948 omnem
673 882 783 948 orbem
805 881 876 947 sive
892 881 1056 948 circuitum
1076 883 1218 968 pupulas
1241 891 1273 950 et
1292 903 1384 969 pupu-

285 986 349 1050 lam
363 986 468 1070 ipsam
491 985 647 1052 indicari.
664 984 764 1050 nihilo
786 985 891 1050 minus
914 983 995 1050 baec
1016 985 1078 1050 sibi
1100 992 1301 1071 repugnant:
1316 1005 1385 1050 nam

285 1089 340 1172 qui
361 1087 514 1153 cernendi
536 1093 728 1173 potestatem
752 1093 839 1152 stare
861 1086 959 1171 dicit,
977 1085 1053 1152 dnm
1075 1078 1172 1154 modo
1187 1110 1230 1155 ne
1244 1095 1326 1154 totns
1341 1107 1386 1152 or-

285 1191 335 1256 bis
352 1198 593 1276 corrumpatur,
611 1191 656 1255 ita
672 1189 801 1274 quidem
813 1189 840 1254 si
852 1190 975 1275 pupula
989 1189 1188 1274 relinquatur
1203 1193 1292 1276 sola,
1307 1189 1386 1256 idern

284 1293 345 1359 hoc
371 1294 452 1358 sine'
469 1293 611 1378 pernicie
636 1293 726 1358 visus
755 1291 822 1358 fieri
852 1297 969 1375 negat.
985 1293 1094 1376 itaque
1121 1299 1240 1380 poe'ta,
1263 1294 1290 1360 si
1315 1292 1388 1358 illud

285 1395 389 1480 dixit,
412 1395 472 1461 hoc
494 1395 621 1462 adicere
645 1416 709 1461 nou
732 1395 854 1480 potuit.
870 1392 927 1460 sed
950 1394 1088 1478 adiecit,
1110 1397 1175 1462 nisi
1198 1397 1314 1481 fallor,
1336 1397 1388 1461 ali·

285 1499 359 1583 qui
372 1549 380 1582 ,
404 1500 459 1582 qni
474 1504 604 1584 puttam
619 1497 855 1584 reprehendere
870 1497 986 1580 vellet,
1011 1497 1098 1582 quod
1114 1499 1142 1565 is
1157 1501 1307 1585 exemplo
1328 1518 1387 1564 non

285 1601 365 1666 satia
382 1608 458 1686 apto
474 1621 551 1666 usus
567 1609 673 1666 esset:
690 1600 722 1666 id
740 1601 846 1686 ipsum
860 1601 946 1667 enirn
961 1601 1054 1686 quod·
1070 1601 1127 1666 ille
1148 1604 1293 1687 posuerit
1307 1603 1387 1668 nullo

284 1701 380 1769 modo
400 1703 469 1770 fieri
488 1722 605 1788 posse.
622 1723 699 1786 ergo
721 1704 773 1768 hic
791 1723 903 1770 versus
923 1704 1036 1769 eodem
1053 1704 1190 1770 consilio
1206 1705 1239 1769 in
1256 1703 1387 1770 Lucretii

285 1825 413 1872 carmen
428 1807 536 1871 illatus
553 1811 621 1891 est,
646 1826 709 1890 qun
725 1805 863 1871 vidimus
888 1807 921 1870 in
944 1806 1025 1870 libro
1041 1806 1145 1891 primo
1169 1815 1244 1892 post
1265 1827 1387 1873 vertum

283 1909 326 1974 43
341 1928 399 1974 sex
413 1929 526 1974 versus
541 1907 670 1974 additos
693 1928 785 1992 esse,
809 1908 932 1974 scilicet
953 1915 988 1973 ut
1009 1915 1138 1993 ponam
1162 1930 1317 1994 peccasse
1337 1929 1386 1993 ap·

285 2010 512 2096 panarethon
531 2031 601 2076 cnm
622 2029 727 2095 paene
750 2012 963 2077 intellexisset
977 2010 1174 2095 Lambinus,
1200 2015 1257 2097 qui
1279 2013 1387 2078 multos

285 2133 399 2180 versus
427 2114 565 2200 optimos
594 2111 732 2197 delevit,
762 2112 846 2180 buce
869 2114 977 2199 inepte
999 2120 1158 2200 temptare
1180 2115 1296 2180 maluit
1321 2113 1388 2180 scri·

284 2217 392 2282 hendo
414 2216 458 2282 Id
478 2240 601 2304 quoque
624 2217 706 2282 carin
728 2218 796 2283 aiae
813 2218 957 2304 pernicie
980 2217 1089 2304 conflet
1110 2243 1241 2284 eorum.

370 2317 443 2385 415.
468 2318 679 2384 Iucoauurs
702 2341 867 2392 Qusuvrs
891 2339 1052 2390 acroonr
1074 2341 1310 2385 srcnunrnns
1331 2340 1386 2384 oa-

285 2443 366 2486 nrs.
383 2421 444 2486 Hic
470 2441 582 2489 versus
611 2443 651 2488 ex
678 2423 791 2490 eadem
820 2419 945 2488 fabrica
973 2423 1082 2504 veuit,
1106 2429 1138 2488 et
1160 2423 1387 2490 construetione

286 2524 440 2590 laborans
466 2529 499 2589 et
527 2525 685 2591 vocabulo
708 2545 773 2590 nou
796 2526 875 2592 satis
898 2524 1031 2608 antiquo
1054 2524 1211 2609 insignis,
1236 2529 1388 2612 queunte

286 2628 412 2694 Livium
446 2628 606 2692 neminem
636 2649 727 2694 usum
760 2648 832 2694 esse
859 2634 945 2693 recte
972 2627 1158 2693 observavit
1184 2627 1331 2694 Handius
1358 2625 1387 2689 iu

285 2730 459 2796 Tursclliui
482 2736 568 2796 tomo
591 2752 602 2794 r
624 2753 656 2816 p.
672 2731 754 2798 236.
770 2738 897 2817 poterat
919 2728 1041 2796 addere
1062 2736 1176 2814 poetas
1201 2751 1241 2796 eo
1263 2745 1385 2816 prorsus

285 2833 501 2916 abstinuisse,
525 2852 585 2899 nec
607 2832 747 2900 debebat
762 2835 910 2901 Lucretio
934 2832 1138 2898 adscribere:
1163 2841 1249 2899 certe
1269 2837 1386 2918 praeter

285 2937 366 3003 duos
389 2935 515 3001 Horatii
544 2935 577 3000 in
604 2937 805 3002 sermonibus
832 2955 944 3002 versus
971 2955 1056 3000 nunc
1077 2935 1160 3000 alios
1183 2937 1291 3001 nullos
1312 2952 1385 2999 eum·

285 3039 438 3120 memini,
462 3037 627 3120 inquibus
650 3040 776 3126 alioqui
795 3039 947 3124 scriptum
970 3039 1124 3124 legerim.
1142 3044 1283 3104 ceterum
1305 3033 1388 3122 agni

285 3148 360 3208 ante
375 3142 506 3208 vocales
529 3147 706 3225 posuerunt
728 3143 861 3207 Plautus
884 3160 923 3206 ac
945 3141 1136 3224 Terentius,
1159 3160 1226 3206 uon
1242 3139 1383 3207 Horatius

285 3247 319 3310 in
335 3263 517 3310 sermonum
534 3264 554 3326 1,
582 3245 630 3328 10,
646 3241 698 3327 31',
722 3245 834 3330 atquin
854 3257 882 3308 et
897 3243 1017 3310 Statius
1032 3243 1131 3309 Theb.
1148 3265 1197 3332 yn,
1224 3245 1293 3322 161,
1308 3236 1385 3330 qaod

285 3349 337 3412 ein
359 3371 397 3413 en
420 3345 568 3413 Valerius
591 3345 726 3412 Flaccus
748 3347 782 3411 in
805 3367 834 3430 v,
858 3345 941 3412 668.

369 3444 724 3512 417.'au1naurrans
754 3467 799 3510 nr
830 3467 1103 3513 marracinus.
1131 3445 1216 3514 Olim
1247 3437 1382 3533 impressi

286 3555 318 3616 et
340 3554 414 3616 ante
438 3570 494 3616 cos
517 3549 590 3616 Itali
614 3564 642 3616 et
663 3569 878 3616 unsarana.

369 3653 443 3720 420.
467 3654 591 3718 Draus
608 3675 678 3717 rua
693 3673 843 3717 raanan
858 3675 1068 3720 nrsrounna
1091 3675 1261 3718 canutus
1283 3669 1379 3718 vrrs.

285 3757 375 3822 Haec
398 3756 544 3840 intellegi
571 3777 635 3822 uon
663 3763 799 3842 possunt
818 3779 826 3820 ε
847 3757 935 3821 nullo
962 3758 1048 3822 enim
1070 3757 1187 3823 iudicio
1210 3756 1313 3823 Faber
1332 3765 1380 3817 rau

284 3861 352 3925 crta
366 3859 594 3942 interpretatur
609 3874 652 3943 te,
670 3856 892 3924 Wakefieldus
906 3861 1046 3925 moribus
1068 3863 1132 3926 tae'a
1153 3884 1190 3925 ac
1211 3856 1378 3925 umam.

284 3961 380 4026 nimis
396 3961 563 4044 eleganter
579 3960 750 4028 Grcechius
768 3967 902 4046 temptat
924 3975 975 4028 rao
998 3975 1086 4028 vate.
1102 3962 1157 4028 vix
1180 3957 1378 4026 dubitandum

285 4069 335 4130 est
349 4063 427 4148 quin
450 4071 515 4129 tam
538 4064 690 4148 antiquus
712 4069 809 4150 poeta
832 4065 883 4128 bie
904 4065 1132 4130 allitteratione
1154 4083 1231 4130 usus
1255 4062 1313 4128 sit:
1327 4073 1378 4122 nec

285 4186 361 4233 rara
376 4167 474 4232 estin
494 4166 588 4232 huius
604 4169 761 4252 poematis
778 4167 1014 4251 exemplaribus
1037 4169 1164 4234 litterae
1186 4165 1277 4232 unius
1297 4177 1377 4247 prae

284 4269 445 4336 termissio
462 4319 469 4333 .
487 4269 559 4334 dico
582 4269 682 4352 igitur
704 4267 907 4335 scribendum
931 4289 1003 4336 esse
1018 4270 1129 4356 Dique
1151 4281 1205 4334 tae
1227 4266 1376 4351 disponere

285 4373 429 4438 carmina
452 4393 568 4437 cuna.
586 4371 749 4453 Vergilius
771 4371 826 4436 illi
844 4395 913 4438 mae
935 4373 1079 4438 carmine
1100 4395 1216 4437 carae.

369 4475 443 4538 421.
467 4473 520 4538 'nu
548 4493 616 4536 rac
643 4493 846 4544 urnuuoua
874 4495 945 4539 nuo
975 4471 1300 4539 snsruucss'uour
1320 4483 1373 4528 co·
