3036 5150
310 376 370 442 122
847 378 880 443 ΙΙ

306 549 341 614 ιἰι
348 550 582 635 parvuspcrtt's
594 547 785 636 discerpitur
796 563 930 634 ostrum
941 551 1026 634 quod
1038 551 1116 636 quia
1127 572 1226 619 sanae
1238 553 1346 619 mentis
1358 554 1398 617 iu-

307 649 425 716 dicium
450 649 565 736 babet,
583 651 738 735 Forbiger
757 673 797 719 ne
813 656 1054 720 commemorari
1078 654 1206 738 quidem
1228 675 1320 740 posse
1340 656 1401 740 opi-

306 760 401 820 natus
423 754 544 822 taeuit.
566 761 601 820 at
622 773 693 819 cum
714 753 800 820 idem
816 755 1038 822 Wakefieldus
1060 763 1189 842 praeter
1211 777 1331 846 omnem
1351 775 1402 821 ne-

307 856 487 922 cessitatem
511 857 695 942 scripsisset
716 880 809 942 quom
831 857 1002 925 detractas
1025 873 1088 942 est,
1117 859 1319 926 llichstadins
1339 859 1403 924 sine

306 977 398 1023 mors
420 958 494 1024 feeit
516 959 720 1041 distractast,
737 958 914 1044 Forbiger,
930 967 965 1026 ut
986 961 1189 1046 diligentiam
1211 962 1402 1044 ostenderet,

307 1078 377 1124 eum
400 1061 493 1145 apice
515 1061 728 1126 dietractu'st:
749 1061 808 1126 sed
823 1062 1110 1129 Lueretius-utrum
1132 1083 1172 1129 co
1195 1065 1290 1130 modo
1311 1063 1404 1129 verba
1505 1091 1506 1096 ¹

307 1161 494 1229 contrahere
517 1162 721 1228 consueverit
739 1182 915 1246 quaerere,
943 1165 976 1230 id
1003 1185 1081 1232 vero
1111 1165 1145 1230 bi
1167 1166 1291 1231 nobiles
1313 1165 1403 1230 critici
1505 1147 1506 1162 ¹

308 1263 428 1330 nimiae
450 1271 482 1331 et
508 1265 640 1350 putidae
668 1264 855 1348 diligentiae
877 1285 950 1333 esse
972 1268 1151 1334 iudicantes
1162 1317 1171 1351 ,
1195 1275 1262 1335 toto
1285 1267 1404 1333 saeculo
1505 1261 1506 1328 T

307 1366 503 1452 etamplius
531 1373 645 1453 politas
672 1367 704 1431 in
730 1367 878 1434 versibus
906 1369 1099 1437 hexametris
1125 1370 1309 1456 pangendis
1333 1368 1405 1434 nihil
1505 1367 1506 1426 l

307 1474 450 1534 mutasse
471 1467 617 1554 fingunt.
634 1469 729 1534 Ennii
752 1471 838 1536 euim
860 1471 941 1540 baec
962 1481 1036 1538 sunt
1051 1473 1138 1558 apud
1153 1473 1283 1540 Festum
1297 1493 1328 1556 p.
1341 1471 1405 1552 166,
1505 1463 1506 1506 ³

308 1571 349 1637 29
362 1578 393 1636 et
407 1573 476 1654 178,
493 1571 541 1654 15,
558 1571 650 1637 Alter
662 1593 740 1636 aare
755 1575 841 1658 capit
847 1623 857 1656 ,
869 1573 950 1640 atter
955 1599 1103 1661 papante
1109 1587 1274 1661 paratust,
1291 1575 1353 1639 Hic
1363 1595 1406 1638 oc·
1505 1579 1506 1630 l

307 1697 400 1739 casas
411 1673 506 1739 datas
517 1687 571 1758 ast,
583 1673 752 1740 atOrctt'as
762 1675 897 1740 theletus
908 1677 1002 1760 saltu,
1012 1677 1087 1742 item
1100 1678 1134 1742 in
1143 1677 1309 1744 Ciceronis
1316 1677 1406 1741 Bruto
1505 1651 1506 1710 1

306 1775 349 1842 58
362 1779 393 1840 et
405 1775 437 1840 iu
450 1774 548 1841 Gellii
560 1797 616 1859 xu,
629 1774 649 1838 2
661 1776 690 1840 is
702 1775 818 1840 dictust
828 1777 900 1842 ollis
909 1777 1121 1863 popularibus
1131 1779 1226 1844 clim:
1241 1777 1299 1845 sed
1311 1795 1407 1861 neque
1505 1797 1506 1872 p

307 1877 344 1957 Q.
354 1877 486 1944 Catulus
498 1877 639 1944 scribere
649 1877 769 1960 potuit,
786 1878 962 1964 mopinot,
980 1880 1128 1946 Mortcbb
1139 1881 1240 1946 visast
1246 1881 1407 1968 paletria

307 2003 372 2045 esse
392 1979 448 2045 deo
458 2029 467 2062 ‚
487 1977 544 2045 sed
564 1981 651 2044 cisae
662 2027 671 2061 ,
691 1984 724 2044 et
744 1979 880 2044 Varroni
900 1980 1048 2065 imperite
1068 1981 1263 2048 adscribitur
1282 1981 1408 2067 ᾱιιιίᾳιιι

306 2106 424 2147 ecana
436 2083 515 2162 Qash
527 2081 658 2146 sanasti
673 2081 854 2164 quiremus
870 2083 1031 2165 quomodo
1047 2083 1208 2150 formandi
1225 2090 1332 2152 essent
1346 2082 1408 2147 dixi

307 2203 407 2268 supra
435 2183 477 2248 ad
505 2203 633 2249 versum
657 2182 751 2247 buius
773 2181 848 2246 libri
873 2183 958 2248 181.
982 2187 1116 2252 monstri
1138 2205 1216 2252 vero
1240 2185 1343 2252 simile
1364 2191 1409 2250 est

306 2285 393 2370 quod
408 2285 587 2352 Scriverius
610 2291 775 2368 tamquam
789 2285 991 2352 Lucilianum
1007 2287 1146 2354 Martiali
1168 2288 1296 2354 infulsit
1317 2289 1348 2353 iu
1369 2309 1407 2372 ιι,

306 2390 369 2473 90,
385 2389 435 2453 tie
446 2389 517 2454 osta*
529 2387 786 2472 Metroptcuetst
797 2389 983 2470 ,comestis
995 2395 1174 2474 appareat,
1187 2390 1277 2472 quod
1289 2387 1408 2457 Schnei-

306 2491 469 2558 dewinum
490 2509 554 2556 non
578 2487 846 2554 animadvertisse
868 2489 986 2575 minor,
1003 2491 1036 2557 in
1050 2491 1163 2558 Lucilii
1186 2491 1325 2557 disticho
1345 2510 1409 2559 seu-

307 2593 439 2660 tentiam
462 2592 592 2678 plenam
620 2609 684 2656 non
710 2590 836 2672 inesse,
860 2591 919 2658 sed
940 2592 1072 2659 aliunde
1093 2591 1311 2679 pendentem,
1333 2592 1408 2658 llar-

307 2695 417 2760 tialem
440 2701 546 2760 autem
569 2693 739 2778 scripsisse
761 2694 804 2758 Et
825 2695 886 2760 titt
905 2696 1051 2762 Maeonio
1072 2717 1194 2782 qaoque
1214 2697 1297 2780 (non
1318 2693 1411 2782 quod)

307 2798 447 2864 camnine
464 2798 569 2861 maius
580 2795 710 2862 babetur
721 2793 861 2862 ‘bucata‘
871 2797 1055 2882 columella,
1071 2799 1121 2863 tic
1132 2799 1203 2862 ss'ta'
1211 2847 1221 2881 ‚
1235 2798 1409 2884 Metropha-

307 2903 370 2966 aes'
385 2948 394 2964 .
410 2899 522 2984 itaque
543 2897 576 2962 in
598 2917 694 2963 versu
708 2897 848 2964 Lucretii
864 2899 1048 2965 detractare
1062 2899 1193 2984 probari
1209 2918 1277 2964 non
1298 2899 1406 2966 debet.

309 3019 415 3085 neque
435 3020 513 3067 vero
536 3013 655 3066 ostana
677 2999 729 3064 hie
750 3001 890 3066 seribere
905 3002 1008 3085 potuit
1029 3005 1146 3087 potita3
1169 3002 1258 3084 quod
1281 3008 1330 3068 est
1350 3021 1410 3066 mo-

306 3103 513 3170 lestissimum
536 3101 732 3168 intolerabili
752 3102 923 3168 verborum
938 3102 1157 3189 abundantia,
1178 3117 1320 3188 ¹ostrum,
1337 3127 1409 3190 par·

304 3229 393 3292 perc
405 3253 413 3287 ,
425 3205 655 3291 poeniceusque
666 3203 770 3270 cotie.
786 3203 865 3270 mibi
879 3205 977 3288 igitur
989 3224 1116 3290 semper
1127 3205 1299 3292 probabile
1312 3207 1409 3272 visum

260 3355 265 3363 .
307 3312 376 3392 est,
399 3306 453 3372 ubi
475 3331 590 3372 aarum
612 3305 748 3390 legitur,
765 3303 884 3373 debere
907 3325 979 3374 ease
996 3331 1183 3395 perparce,
1198 3307 1261 3374 hoe
1283 3313 1331 3373 est
1344 3325 1411 3391 pur-

307 3426 430 3493 pureae
446 3408 566 3491 vestis,
590 3407 776 3493 epitheton,
792 3408 889 3492 quale
905 3415 991 3475 esset
1004 3409 1143 3476 ardeam
1164 3429 1250 3477 nuno
1263 3411 1409 3494 quoniam

307 3533 437 3576 caream
455 3533 646 3597 purpuram·
661 3511 693 3576 in
709 3529 805 3576 versu
819 3511 884 3578 502
898 3511 1055 3597 legimus,
1078 3511 1132 3578 bic
1145 3531 1274 3596 quoque
1290 3510 1409 3579 veriat-

307 3632 392 3678 mum
406 3610 489 3678 duco
501 3612 693 3699 decimius
707 3634 834 3678 nuans
847 3615 1002 3702 Purpura
1013 3663 1020 3679 .
1032 3633 1108 3680 nam
1120 3614 1174 3697 qui
1186 3613 1219 3678 in
1231 3633 1342 3681 versus
1353 3611 1409 3678 fine

307 3715 415 3801 posuit
429 3715 555 3798 maia,
568 3721 603 3780 ut
619 3707 686 3780 hini
703 3714 746 3780 ad
761 3715 877 3782 librum
891 3738 912 3798 1,
928 3716 1030 3800 1106,
1043 3715 1130 3782 idem
1145 3716 1260 3782 eodem
1275 3718 1346 3782 loeo
1361 3733 1409 3799 po·

307 3837 384 3884 nere
400 3817 504 3902 potuit
518 3841 640 3900 carea,·
655 3835 718 3901 quo
741 3817 787 3883 ita
802 3816 953 3884 Ovidium
974 3818 1008 3884 in
1027 3825 1154 3884 metam.
1170 3839 1225 3903 ιιιι,
1240 3818 1304 3885 395
1325 3835 1408 3883 usum

307 3918 412 3986 videri
434 3919 545 3984 notavi
566 3917 610 3984 ad
632 3919 726 3986 buius
749 3919 823 3986 libri
845 3939 974 3986 versum
991 3920 1071 3986 118.
1088 3920 1165 3988 item
1178 3919 1332 3986 Horatius
1351 3937 1408 3984 ser·

308 4040 437 4087 monum
453 4041 486 4104 ιι,
500 4021 531 4100 2,
543 4021 584 4086 21
607 4045 707 4108 aeque
728 4035 851 4106 ostrea,
876 4023 988 4106 quiin
1012 4022 1072 4088 hoe
1094 4021 1252 4088 Lucilium
1273 4020 1410 4106 sequitur

308 4122 410 4211 (apud
421 4123 563 4190 Nonium
573 4123 684 4208 pelo,
694 4123 732 4190 15
744 4123 825 4208 qaid
839 4125 932 4210 erpo?
943 4125 990 4190 sic
1001 4125 1061 4190 erit
1073 4170 1081 4188 .
1093 4122 1408 4214 ostreaOoqaors'tflo

307 4229 393 4293 cium
406 4227 515 4306 limam
526 4249 564 4291 ae
574 4249 705 4292 caeream
716 4249 827 4312 sapere
838 4227 943 4313 speum
948 4251 960 4310 ,·
975 4225 1030 4292 ubi
1040 4225 1116 4292 libri
1128 4225 1209 4314 qaid
1218 4249 1274 4313 epo
1284 4227 1318 4292 a·
1324 4245 1409 4292 cerac

308 4325 445 4412 ostrea),
462 4327 624 4410 Vergilius
636 4341 664 4394 et
675 4328 821 4394 Ismaros
834 4328 981 4414 Orphea,
994 4351 1182 4414 saevamque
1195 4327 1359 4414 Typhiiea,
1373 4323 1409 4390 si-

308 4429 399 4496 milia
413 4428 469 4495 alii
481 4478 489 4498 .
502 4427 582 4496 baec
592 4435 699 4495 autem
710 4428 811 4496 restis
826 4448 990 4515 purpurea
1004 4429 1157 4514 quoniam
1171 4427 1408 4514 rectiusfitctsbs

309 4532 449 4598 detrahi
456 4530 572 4598 dicitur
583 4549 678 4616 quam
691 4533 779 4598 color
794 4533 966 4617 poeniceus
979 4531 1041 4618 (sic
1051 4533 1084 4598 in
1097 4553 1127 4617 ι,
1143 4530 1223 4596 1421
1236 4531 1276 4596 de
1287 4526 1408 4614 pellicia
