3036 5150
644 397 660 464 1
1166 399 1209 468 45

117 569 187 634 ratio
207 568 346 635 absurde
369 568 500 634 inversa
527 574 577 634 est
604 568 665 633 hoo
692 566 812 652 modo,
841 567 878 632 ln
908 568 1004 634 rebus
1033 573 1209 635 extremum

116 671 251 755 qnodque
271 671 425 756 quoniam
447 671 481 736 id
502 677 552 736 est
568 669 654 753 quod
670 671 780 735 oeulos
797 670 930 753 effugit,
954 670 1027 736 ideo
1050 669 1083 734 id
1107 679 1208 738 extre-

115 793 188 838 mum
202 775 366 839 minimum
382 780 431 840 est
445 779 477 839 et
491 773 561 838 sine
583 772 750 858 partibus.
767 791 845 854 ergo
868 771 900 837 in
917 775 1066 858 quoniam
1082 782 1209 840 senten-

114 877 152 942 tia
171 876 313 943 laborat.
328 882 499 961 praeterea
520 875 611 940 illias
633 894 675 940 no
698 875 730 939 in
753 874 814 940 han
836 893 990 958 perversa
1009 874 1137 957 quidem
1160 897 1209 942 ar·

113 980 338 1062 gumentatione
360 978 467 1044 locum
490 977 610 1060 babet,
634 975 693 1042 sed
716 975 812 1041 debet
826 995 898 1042 esse
914 976 999 1040 illud
1016 976 1064 1059 (et
1083 979 1210 1064 scripsit

20 1122 25 1137 ·
112 1080 417 1166 ambicisaom,
434 1079 609 1146 Lambinus
625 1078 794 1165 aliquodlr
813 1097 888 1143 nam
906 1081 1049 1164 corporis
1059 1080 1149 1146 illias
1163 1082 1210 1146 ita

113 1183 323 1269 aooipiendnm
347 1203 420 1250 esse
433 1188 469 1248 nt
484 1185 525 1248 sit
540 1184 608 1246 eiua
622 1194 776 1263 naturae,
801 1189 1012 1246 commentum
1035 1190 1084 1248 est
1099 1185 1209 1250 Forbi-

112 1305 178 1368 gero
199 1287 270 1352 solo
293 1285 427 1368 dignum
448 1333 456 1349 .
476 1283 554 1349 mihi
577 1283 657 1348 nihil
681 1283 807 1348 saoilius
830 1283 957 1350 videtur
978 1304 1074 1368 quam
1097 1307 1206 1354 veram

18 1421 20 1442 .
110 1390 289 1454 sententiam
312 1389 381 1454 sine
406 1386 598 1469 ambagibus
622 1385 771 1468 efficere,
794 1385 855 1450 hoo
870 1385 990 1453 modo.
1015 1390 1094 1454 Tum
1109 1414 1207 1475 porro

110 1510 272 1560 oonsusm
294 1503 339 1556 est
360 1502 534 1555 eatremum
558 1488 702 1577 quodque
718 1511 865 1552 cacumen
883 1488 1032 1573 Corporis
1054 1513 1206 1578 unauna,

109 1592 184 1678 qnod
195 1595 301 1659 nostri
312 1615 438 1658 canere
452 1615 562 1656 aermon
573 1589 646 1654 Iam
658 1590 835 1676 nequeunt?
850 1588 1068 1678 Quapropter,
1086 1595 1205 1679 inquit,

107 1695 136 1758 in
156 1695 220 1760 nlla
244 1714 280 1759 re
304 1713 459 1778 corporea
483 1700 626 1759 extrema
651 1710 798 1777 quaeque
820 1711 896 1776 pars
918 1700 967 1758 est
988 1715 1083 1777 quam
1107 1699 1207 1764 oeulis

20 1813 25 1841 ‘·
108 1797 284 1881 nonspioere
306 1815 369 1861 non
395 1793 593 1880 possumus?
615 1793 652 1858 id
672 1795 710 1858 ni
727 1795 843 1860 mr'rnm
866 1797 934 1861 arbe
952 1800 1101 1882 partibus
1122 1813 1209 1866 enias

106 1899 142 1962 a
160 1901 296 1974 mentina
318 1911 438 1964 constat
459 1904 751 1962 saturnaliorum
774 1899 925 1982 quianam
947 1901 1065 1966 multos
1087 1902 1207 1968 dixisse

106 2009 224 2067 constat
239 2051 247 2084 ,
264 1995 444 2082 Naevium,
461 1999 629 2082 Plautum,
645 1998 804 2082 Ennium,
820 1999 953 2066 Aonium
969 2003 1001 2066 in
1018 2003 1206 2071 Phoenissa·

105 2123 165 2168 rum
187 2103 344 2187 exordio,
368 2101 563 2184 Vergilium.

181 2207 254 2272 606.
277 2225 455 2270 sununsu
470 2224 659 2268 consonus
674 2225 818 2268 nunnnn
830 2254 837 2268 .
851 2207 1073 2291 Antiquissimi
1086 2229 1205 2276 correo

103 2313 181 2372 tores
203 2329 390 2373 nxnnnnn.

180 2411 254 2477 608.
289 2411 471 2476 Hannone
503 2431 605 2474 uuna
637 2431 787 2481 onnaun
824 2431 915 2476 unns
948 2432 1110 2476 nsnroun
1143 2436 1204 2478 nn-

102 2531 236 2578 unnnn.
259 2513 426 2580 Correotor
453 2511 602 2596 quadrati
625 2525 660 2578 ut
680 2527 860 2599 nequeant.
888 2515 1004 2580 melius
1026 2516 1100 2582 Itali
1123 2517 1206 2584 unde

102 2629 213 2700 queant
233 2637 388 2681 sunus.

183 2719 255 2785 611.
290 2719 372 2784 Nos
394 2738 442 2780 nx
464 2736 656 2782 innonuu.
679 2717 807 2803 Optime
829 2720 984 2785 Marullus
1007 2743 1203 2789 unnonuu.

183 2821 254 2886 613.
291 2841 418 2893 anons
441 2839 601 2884 nnarnun
624 2842 696 2884 nnn
713 2869 720 2886 .
738 2821 906 2887 Conneotor
928 2823 1060 2907 oblongi
1082 2847 1171 2893 mu.

182 2924 253 2990 619.
286 2945 388 2996 onon
410 2899 523 2989 ascri
533 2975 540 2989 .
557 2924 610 2990 Sin
625 2923 801 3007 quadratus
818 2931 849 2989 et
863 2925 1022 3010 schedae,
1045 2927 1204 3012 oblongus

103 3025 193 3088 eura:
214 3023 308 3090 huius
324 3035 483 3092 corrector
498 3043 576 3094 sanet
591 3077 598 3094 .
615 3023 704 3097 onan
720 3026 841 3111 primus
855 3028 1030 3114 Marullus,
1052 3034 1127 3096 escit
1141 3033 1202 3116 pri-

102 3143 167 3190 mus
187 3128 338 3212 probavit
361 3128 557 3194 Lambinus.

181 3230 253 3296 625.
284 3231 358 3297 626.
392 3253 536 3295 nxnnnn
566 3233 617 3297 En
646 3254 781 3296 nunnus
814 3253 1003 3296 consnnnn
1031 3256 1200 3300 annuns.

102 3326 248 3398 Marullus
271 3353 483 3398 consnsun.

180 3433 251 3500 628.
275 3456 308 3498 si
330 3456 486 3499 ursimus
503 3484 510 3500 .
526 3436 599 3502 631.
623 3458 720 3508 onan
743 3459 896 3502 sunnis.
920 3438 1003 3504 Vero
1026 3439 1200 3506 Lambinus

14 3603 15 3606 Ἴ
104 3553 136 3596 si
154 3538 301 3602 maurinae
325 3545 356 3602 ot
378 3562 459 3624 quoe
480 3559 615 3602 uunnrs
637 3556 710 3606 aaut
722 3543 869 3628 partibus
888 3555 982 3606 aucta
999 3591 1005 3606 .
1022 3542 1055 3606 in
1077 3565 1120 3627 11,
1137 3544 1200 3610 489

13 3695 14 3720 p
104 3635 147 3701 Ne
166 3638 320 3724 quaedam
341 3640 485 3723 (romairo
507 3639 601 3720 dioit)
624 3667 718 3730 copon
740 3645 866 3708 inmani
883 3646 1080 3710 mantinrlote
1103 3646 1201 3728 ane,
1307 3669 1309 3674 ’

12 3815 14 3828 .
103 3760 192 3824 supra
214 3741 302 3828 quod
322 3745 385 3807 iam
408 3741 505 3808 docui
522 3768 585 3810 non
605 3769 698 3830 ponae
719 3747 855 3832 probari
866 3794 873 3810 .
898 3747 1021 3812 seilicet
1048 3747 1096 3812 his
1123 3748 1201 3832 ipsis

12 3913 14 3926 Ι
103 3843 259 3927 versibus,
282 3863 387 3928 neque
409 3845 514 3910 alibi.

13 3937 14 3942 ἵ
179 3947 249 4011 634.
284 3967 354 4010 nnn
386 3969 481 4018 onus
509 3969 575 4012 nns
602 3970 777 4020 Qnsnonn
806 3971 1020 4014 nnnnsnnn.
1045 3951 1200 4017 Marullus

12 4045 13 4126 i
105 4045 265 4123 prudenter
288 4051 418 4135 scripsit
436 4074 496 4137 per
518 4072 637 4136 onan,
660 4060 695 4116 nt
717 4059 766 4117 est
787 4051 821 4116 in
844 4072 886 4128 n,
904 4053 989 4118 727.
1014 4051 1129 4118 falsum
1153 4062 1202 4120 est

12 4169 14 4206 r
104 4147 179 4226 qnod
200 4150 346 4216 leserunt
366 4152 461 4237 Itali,
481 4177 542 4238 per
562 4178 658 4239 quoa,
681 4154 829 4237 quamvis
844 4172 865 4217 a
879 4153 1080 4221 Wakefieldo
1102 4176 1200 4240 appo-

105 4247 187 4314 situm
209 4254 363 4336 parasitis
385 4253 564 4340 placuerit.
986 4329 989 4338 Ι

178 4353 250 4420 639.
284 4353 432 4420 Caunus
467 4377 663 4422 onsounsu
698 4379 862 4422 umanum
892 4405 899 4422 .
939 4358 1035 4444 Apud
1069 4361 1200 4425 Festum

106 4453 259 4540 p.261‚9
291 4477 338 4520 os
365 4459 548 4543 abacorum,
577 4467 608 4526 et
634 4467 793 4526 oorreotor
822 4459 954 4544 oblongi
977 4463 1013 4528 ob
1034 4486 1198 4527 oscaram.

107 4548 170 4622 hino
190 4558 341 4626 Horatius
364 4560 455 4628 duxit
477 4561 576 4647 illud,
601 4563 716 4630 Olonna
739 4564 775 4630 ob
798 4563 835 4628 id
845 4565 993 4650 factum.

116 4814 132 4846 δ
