3052 5150
327 342 390 409 208
856 344 906 410 IlI

327 513 388 579 hoe
409 517 458 578 est
479 514 534 596 qui
556 513 652 579 modo
673 519 759 579 stare
782 513 953 580 videbatur
975 515 1068 600 (sut.
1084 517 1144 582 uh.
1161 539 1190 603 ι,
1203 519 1262 602 86,
1277 518 1375 583 Horat
1389 537 1412 584 o.
1482 517 1486 528 '
1515 531 1516 556 ¹

326 637 373 700 111,
385 615 436 699 28,
447 615 484 699 5)
505 615 638 681 inelinat
660 635 699 682 ao
715 615 842 702 delioit,
859 623 891 682 et
905 625 1045 701 remeat,
1062 638 1134 686 oum
1155 626 1229 706 post
1242 627 1356 686 nostem
1372 639 1414 686 re

327 716 395 784 dit!
412 736 451 782 ae
472 738 514 783 ne
529 717 561 783 in
578 717 742 803 Sulpieiae
757 718 887 802 quidem
902 721 1003 786 satira
1017 719 1059 788 23
1079 723 1181 788 virtm
1197 724 1333 789 Romana
1345 723 1415 788 satis

326 828 402 907 apte
430 823 545 887 exiisse
571 819 687 886 dieitur
714 821 746 886 in
772 840 863 888 mare
884 821 1026 888 Siculum
1056 829 1088 890 et
1114 823 1352 910 Carthaginem,
1365 823 1417 890 sed

327 927 459 991 Romam
475 923 581 1008 ipsam
596 925 698 988 virtus
712 925 834 1009 aps'tatu
856 924 945 990 domi
956 938 985 990 et
998 927 1168 992 socialibus
1183 929 1281 992 aarum
1294 927 1417 1013 Iafrao

326 1027 476 1094 Sicaniae
504 1040 533 1092 et
555 1026 762 1112 Carthagines
789 1027 884 1092 sacia
903 1051 1025 1110 ,aream
1049 1028 1219 1116 (lateraque
1245 1032 1371 1117 imperio
1395 1043 1419 1095 et

308 1141 421 1218 ¹totam
443 1131 541 1194 simol
561 1129 695 1206 obstulit
711 1129 834 1194 mbem.
858 1127 918 1193 hoc
940 1135 1047 1194 tamen
1069 1129 1165 1196 saeile
1187 1133 1343 1213 ooneedo,
1362 1137 1418 1196 tam

326 1232 441 1298 miram
463 1230 649 1316 prosodiam
665 1279 673 1316 ,
689 1231 777 1297 anius
792 1230 949 1296 rationem
969 1251 1034 1296 non
1049 1233 1290 1317 intellegerent,
1306 1232 1420 1317 quibus

326 1335 401 1400 dam
423 1355 487 1400 non
515 1333 611 1400 valde
633 1333 815 1419 plaouisse.
835 1353 910 1398 narn
938 1353 1022 1417 quae
1048 1342 1184 1418 quartae
1210 1335 1420 1402 declinationis

325 1443 400 1504 suut
420 1436 626 1520 breviantur,
649 1443 683 1502 ut
704 1437 814 1501 ambiit
835 1435 940 1500 auditi
961 1437 1050 1502 leaei't
1071 1440 1201 1505 emuniit
1223 1437 1420 1522 oom'it,iieu1

325 1541 480 1627 quaesiit,
496 1539 558 1605 nisi
581 1538 636 1604 ubi
658 1537 826 1626 produotio
850 1538 1089 1604 exeusationem
1111 1538 1228 1624 habet,
1249 1542 1335 1607 velut
1354 1546 1420 1606 ante

324 1641 515 1708 vocabulum
538 1642 697 1708 Graecum
720 1645 775 1706 aut
797 1639 830 1704 in
852 1640 1094 1724 penthemimeri
1114 1649 1268 1726 sequente
1287 1657 1318 1710 et
1337 1663 1420 1728 oopn·

324 1744 444 1827 latito,
461 1751 496 1808 ur
517 1745 551 1810 n
574 1743 696 1810 valerii
718 1743 826 1809 risen
848 1744 990 1826 unaue
1012 1725 1148 1830 tupiter
1168 1746 1380 1833 spamae,
1393 1743 1420 1808 n

325 1847 433 1914 Ovidii
448 1852 575 1914 metam.
592 1868 647 1926 ιιι,
659 1847 723 1912 392
737 1846 873 1933 inpediit
888 1860 916 1912 et
930 1847 1025 1912 titani
1033 1871 1043 1911 .·
1061 1848 1116 1912 siit
1131 1846 1164 1912 in
1179 1847 1323 1914 Terentii
1336 1847 1421 1912 Adel·

323 1950 395 2036 plris
407 1973 427 2034 1,
441 1951 471 2034 2,
484 1949 526 2014 24
538 1968 716 2032 agnoscere
729 1947 852 2014 ridetur
865 1947 1038 2016 Diomedes
1049 1969 1081 2034 p·
1090 1945 1174 2032 371,
1187 1947 1421 2016 datitiorum
1515 2029 1516 2046 ¹

324 2073 387 2119 non
399 2053 507 2118 inveni
519 2099 528 2136 ,
540 2051 598 2118 sed
611 2052 761 2118 dixerunt
773 2050 854 2117 desit
864 2051 1017 2134 Manilius
1028 2072 1058 2136 ι,
1070 2051 1154 2135 563,
1171 2053 1330 2120 Martialis
1341 2051 1421 2136 ιι,26
1515 2047 1516 2078 l

323 2177 377 2238 ιιι,
390 2155 431 2221 39
453 2174 485 2238 ι,
498 2155 539 2221 86
552 2157 594 2222 90
615 2177 658 2237 ιιι,
670 2153 711 2220 25
725 2203 733 2219 .
749 2153 858 2237 itaque
880 2153 971 2220 multi
987 2159 1060 2220 snut
1081 2154 1135 2238 qui
1148 2156 1242 2240 petiit
1261 2173 1422 2239 numquam

288 2293 291 2300 ,
324 2257 485 2342 dixerint,
501 2277 565 2322 non
587 2257 667 2322 nulli
683 2262 789 2322 autern
813 2275 854 2321 ne
868 2255 964 2321 satia
979 2255 1128 2340 quidem;
1145 2276 1222 2342 pars
1238 2265 1296 2324 aut
1316 2265 1422 2322 utrum·

322 2379 384 2444 que
406 2379 534 2444 genus,
555 2367 610 2424 ant
638 2379 678 2426 ea
699 2365 824 2424 tantum
849 2377 933 2442 qnae
959 2357 1056 2424 eundi
1087 2358 1356 2442 significationem
1375 2357 1423 2424 ha·

321 2463 417 2546 bent,
434 2482 499 2528 non
515 2463 578 2528 nisi
601 2467 677 2528 ante
692 2467 927 2544 consonantes,
943 2467 979 2524 nt
994 2461 1179 2545 Lueretius,
1197 2461 1363 2548 Catullus,
1377 2461 1422 2526 u·-

322 2565 444 2648 bullus,
457 2564 603 2651 Gratius,
618 2563 847 2648 Germanicus,
860 2562 959 2629 Silius
973 2611 982 2629 .
994 2564 1051 2630 alii
1064 2613 1072 2649 ,
1085 2565 1140 2648 qui
1152 2559 1201 2630 his
1213 2571 1292 2632 aute
1303 2563 1423 2632 vooalos

321 2667 371 2732 usi
393 2673 487 2754 sunt,
504 2669 551 2734 ita
572 2687 701 2754 semper
726 2671 903 2752 posuerunt
928 2672 964 2732 ut
991 2667 1116 2751 possint
1140 2667 1302 2752 imperitis
1328 2665 1422 2734 videri

321 2777 452 2856 propter
478 2789 645 2836 oaesuram
673 2769 831 2854 produ'eta
858 2789 949 2836 esse:
969 2769 1017 2834 sio
1035 2770 1131 2856 petiit
1157 2769 1323 2854 Vergilius
1338 2773 1422 2836 .Aen.

320 2895 352 2958 ιι,
366 2873 427 2958 67,
446 2873 632 2958 Propertius
654 2895 674 2956 1,
690 2874 739 2956 10,
752 2872 813 2958 23,
830 2869 987 2938 Martialis
999 2893 1029 2957 x,
1042 2872 1105 2955 60,
1121 2871 1168 2937 sie
1190 2879 1302 2940 eetera
1321 2871 1422 2955 Vergi-

319 2977 383 3042 lius
396 3025 404 3060 ,
418 2975 591 3054 Horatius,
604 2975 732 3042 Persius
745 3023 753 3059 ,
766 2974 915 3040 Valerius
925 2975 1060 3040 Flaeous
1073 2973 1235 3058 ,Statius,
1252 2974 1422 3056 Martialis,

321 3078 506 3145 Iuvenalis.
522 3097 628 3162 neque
643 3078 776 3143 Plautus
799 3083 854 3143 aut
870 3077 1039 3143 Terentius
1054 3077 1101 3142 ita
1116 3077 1147 3140 in
1169 3077 1321 3143 versibus
1334 3075 1422 3142 eollo·

320 3190 434 3248 oarunt
455 3187 490 3246 ut
511 3181 645 3247 ultimae
667 3179 815 3267 syllabae
843 3181 1006 3264 quantitas
1028 3186 1114 3245 oerto
1137 3177 1286 3264 intellegi
1309 3178 1422 3266 possit,

319 3282 377 3350 sed
393 3283 454 3348 hoo
469 3283 586 3369 modo,
604 3285 690 3350 Dum
705 3283 780 3348 laec
798 3283 956 3369 loquitor,
972 3283 1050 3347 abiit
1064 3283 1163 3364 tora,
1178 3281 1211 3346 in
1225 3281 1379 3348 Eunueho
1392 3301 1421 3362 11,

320 3387 351 3470 3,
363 3386 426 3469 50,
442 3391 498 3450 aut
512 3385 604 3452 Sotiis
626 3385 705 3450 obiit
726 3385 807 3450 itta?
821 3384 855 3450 in
868 3385 968 3450 Milite
980 3406 1013 3468 ιι,
1027 3386 1057 3469 6,
1073 3385 1111 3467 13
1127 3383 1189 3450 nisi
1213 3385 1303 3470 quod
1318 3387 1349 3450 in
1364 3383 1423 3448 Ois-

319 3487 445 3554 tellaria
460 3509 503 3572 ιι,
516 3488 545 3572 2,
555 3487 596 3552 35
611 3507 725 3552 versus
739 3485 935 3552 Baeohiaous
947 3487 1067 3572 optime
1078 3487 1124 3554 sio
1136 3486 1278 3572 inuadit,
1292 3487 1422 3554 eonas

316 3591 451 3678 pilabor.
467 3591 541 3656 ittae
563 3589 622 3654 itae
644 3591 704 3654 itt.
721 3591 794 3666 hiae
809 3613 966 3676 nusquam
982 3590 1081 3654 that.
1098 3594 1220 3655 tautum
1237 3589 1280 3656 de
1295 3589 1345 3654 his
1359 3606 1422 3672 per·

319 3693 474 3760 foetorum
497 3693 630 3776 sorniis,
646 3692 680 3756 in
702 3691 819 3775 quibus
842 3691 989 3776 iduplex
1012 3696 1080 3775 est,
1097 3691 1185 3776 dixi,
1201 3697 1236 3758 ut
1257 3693 1423 3778 appareret

321 3814 387 3878 qua
409 3794 597 3862 oonrlieione
620 3795 669 3860 his
695 3793 815 3878 singuli
838 3795 897 3860 usi·
912 3799 1042 3860 essent.
1064 3794 1096 3859 in
1124 3793 1235 3860 formis
1258 3790 1422 3860 eonuaatis

318 3898 436 3983 triplex
458 3904 507 3964 ost
528 3903 696 3982 pottarum
719 3896 914 3964 eonsuetudo
928 3918 936 3960 :
952 3903 1026 3961 sunt
1044 3897 1129 3962 enim
1151 3897 1207 3980 qni
1223 3897 1284 3964 has
1306 3901 1421 3962 tantum

319 4000 415 4066 modo
432 4007 507 4067 ante
527 4007 740 4066 consonantes
762 4001 814 4066 vol
838 4000 870 4064 in
894 3998 981 4064 exitu
997 4017 1148 4064 vsmuum
1169 4005 1313 4084 ponant,
1329 3998 1421 4064 Phae·

319 4101 416 4187 dnm,
432 4104 576 4187 Seneoa,
592 4103 711 4188 Silius,
729 4121 799 4168 oum
821 4101 969 4188 plerique
991 4121 1048 4167 eas
1071 4120 1137 4166 non
1159 4101 1219 4166 nisi
1235 4107 1312 4167 ante
1333 4117 1421 4166 rooa·

318 4205 365 4272 les
388 4204 582 4290 admittant,
603 4207 716 4272 oomiei
746 4212 854 4272 autern
879 4210 1006 4270 veteres
1027 4193 1163 4288 utroque
1184 4203 1306 4270 morio.
1327 4202 1419 4269 Phae

318 4309 394 4375 drus
416 4309 450 4375 in
473 4307 535 4374 fine
560 4327 711 4375 versuum
734 4310 915 4396 proximam
940 4307 1051 4374 villam
1069 4307 1173 4394 petit,
1192 4329 1246 4371 uon
1266 4303 1354 4392 'quod
1372 4327 1419 4368 ro-

314 4413 435 4499 put'ats's
442 4413 527 4499 perit
537 4461 546 4494 ,
558 4425 709 4478 roardum
720 4412 799 4499 petit
805 4459 814 4494 ‚
830 4431 863 4494 11,
875 4410 905 4494 8,
918 4409 939 4475 3
953 4431 997 4494 ιι,
1010 4409 1061 4494 22,
1073 4409 1113 4474 27
1126 4408 1178 4492 25,
1190 4409 1210 4474 6
1223 4457 1231 4474 .
1242 4407 1290 4474 sia
1302 4403 1419 4473 Seneca

318 4515 411 4580 Here.
428 4514 451 4580 f.
467 4513 530 4580 826
545 4512 666 4580 Phoen.
681 4515 745 4581 210
759 4514 856 4598 Hipp.
873 4512 934 4578 728
957 4511 1038 4578 Oed.
1053 4512 1116 4580 803
1135 4511 1210 4576 Tro.
1224 4511 1268 4578 50
1283 4509 1346 4575 348
1360 4507 1419 4572 460
