3036 5150
633 397 666 462 Il
1141 392 1199 458 121

16 607 17 628 ι
115 575 211 641 barum
226 622 233 638 .
248 591 323 638 narn
346 575 420 656 post
441 569 512 636 θαι.
528 567 652 635 Ludov.
668 567 830 634 Strnvium
853 588 915 653 ego
938 567 981 634 ad
996 567 1129 653 Ulpiani
1152 587 1201 634 re-

16 729 17 736 ,
114 677 242 760 gnlarom
267 674 392 740 titulum
414 673 484 757 x,l
513 679 545 738 et
571 672 603 736 iu
631 691 716 738 novo
746 692 856 738 museo
884 671 1039 738 Rhenano
1067 693 1112 754 ιιι,
1136 671 1200 737 613

16 785 17 858 3
114 779 194 844 dooui
207 776 352 844 auditur
366 775 464 842 aradi
475 773 589 859 bisque
604 775 723 840 similia
737 774 858 860 primos
873 793 914 840 ex
937 775 984 841 eis
1007 793 1089 859 quos
1110 773 1201 838 novi·

113 901 171 946 mur
185 865 393 964 seriptoribus
404 877 580 962 Ulpianum
595 882 627 943 et
638 877 775 942 Paulum
789 875 920 962 dixisse,
933 875 1081 963 perdriur
1096 881 1201 942 autem

113 983 259 1070 proposit
280 981 411 1047 omnino
433 979 555 1046 nullum
571 1028 578 1044 .
595 977 780 1045 exoiderant
795 979 872 1044 mihi
896 985 962 1044 turn
984 978 1026 1044 de
1047 977 1203 1044 memoria

16 1079 18 1102 ²
113 1105 210 1152 sersus
226 1083 373 1167 Afranii,
389 1101 470 1166 quos
487 1082 633 1162 Donatus
655 1080 785 1148 exhibet
806 1078 849 1145 ad
871 1079 1013 1146 Terentii
1034 1079 1201 1164 Adelphos

113 1186 227 1272 ιιι,4,34
236 1186 283 1250 ita
293 1183 444 1270 scriptos,
455 1183 503 1267 Is,
515 1195 552 1250 ut
560 1207 721 1250 surarum
733 1196 843 1270 coptus
855 1196 900 1248 ast
906 1233 915 1266 ,
926 1182 1090 1266 facillima
1100 1182 1202 1246 Dama

113 1305 192 1376 atque
202 1287 449 1373 uastraforniiia
457 1285 664 1373 praeceditur
672 1311 684 1369 ,·
698 1285 730 1350 in
742 1284 856 1369 quibus
868 1283 1084 1352 Neuklrahlbs
1100 1282 1141 1349 de
1156 1282 1202 1348 ss·

113 1392 183 1457 bulis
194 1389 311 1474 togatis
322 1409 354 1474 p.
366 1388 430 1454 252
442 1407 512 1453 eum
524 1387 602 1453 dieit
613 1407 723 1454 verum
735 1387 985 1475 essefaar'llarua
995 1386 1133 1474 familia
1140 1408 1202 1471 pra

112 1492 264 1576 venditur,
280 1489 315 1556 id
331 1509 403 1556 sese
423 1490 610 1574 intellegere
632 1489 790 1574 signifieat
811 1489 896 1574 quod
920 1486 997 1553 mibi
1021 1494 1069 1554 est
1091 1487 1202 1553 obseu-

112 1594 289 1658 tissimum.
313 1591 439 1658 interim
461 1599 579 1659 eertum
602 1600 651 1660 est
675 1611 781 1677 neque
803 1591 938 1658 Afranio
961 1589 1107 1657 eraditur
1129 1607 1202 1654 non·

16 1713 17 1784 ,
111 1697 230 1780 venire,
252 1713 358 1778 neque
380 1695 556 1770 vendantur·
571 1696 710 1763 Varroni
731 1715 836 1760 rerum
858 1694 1048 1760 rusticarum
1062 1713 1108 1778 111,
1121 1693 1150 1774 7,
1163 1694 1201 1774 9,

16 1815 18 1854 t
113 1815 205 1881 neque
221 1797 354 1872 Horatio
367 1797 515 1884 par-detur
531 1847 537 1862 .
554 1796 637 1864 huna
657 1798 757 1882 igitur
780 1797 847 1862 dixi
870 1797 903 1861 in
925 1813 1107 1862 sermonum
1122 1815 1156 1875 11,
1172 1795 1202 1874 6,

16 1919 18 1972 ι
110 1899 320 1986 suscripsisse
335 1899 440 1966 videri
452 1901 606 1986 Por-pitur
620 1901 695 1966 boae
706 1901 787 1966 sister
798 1901 912 1964 misera
924 1899 1003 1982 iuu5
1017 1897 1067 1962 oui
1083 1895 1204 1962 similli-

110 2023 185 2068 mum
206 2008 255 2069 eet
277 2002 365 2086 quod
388 2000 523 2068 Ovidius
545 2002 580 2067 in
602 2001 869 2087 metamorpb.1v,
888 2002 948 2068 199
970 2000 1072 2066 solem
1086 1999 1205 2065 Leuea-

111 2107 189 2174 lbois
205 2125 315 2172 amore
336 2109 464 2190 captum
479 2105 573 2170 doras
588 2104 744 2170 brumales
756 2106 938 2190 porrexisse
953 2102 1044 2185 fingit
1059 2150 1066 2166 .
1082 2100 1140 2166 sed
1156 2119 1204 2166 re-

111 2209 226 2276 eordari
248 2206 440 2288 debebame
455 2207 594 2272 Lueretii
613 2225 709 2273 versu
728 2213 794 2271 tam
810 2204 939 2272 foedam
953 2203 1102 2270 mendam
1118 2223 1139 2269 a
1153 2223 1205 2269 me

110 2313 165 2376 iam
185 2317 261 2378 ante
284 2310 464 2395 complures
492 2329 595 2376 annas
617 2308 776 2374 sublatam
799 2327 892 2392 esse;
920 2307 954 2372 in
976 2327 1039 2391 quo
1063 2304 1204 2372 dubitari

110 2433 165 2480 non
190 2418 297 2500 potest
323 2411 401 2496 quiu
429 2431 451 2477 a
475 2418 573 2498 poeta
600 2411 697 2478 fuerit
725 2431 995 2476 nrsrnnnrrun:
1027 2409 1088 2475 boa
1119 2408 1204 2482 euim

110 2535 177 2582 usus
192 2520 243 2582 est
257 2514 290 2579 in
303 2514 396 2597 rsus
411 2515 526 2598 mssa
541 2513 656 2598 rv,39b
673 2563 680 2578 .
698 2513 752 2580 vix
768 2512 1019 2597 dignum‘relatu
1034 2518 1083 2578 est
1105 2509 1139 2574 in
1161 2531 1204 2593 ur,

109 2617 163 2685 593
175 2615 369 2704 quadratum
380 2615 499 2683 babere
509 2615 732 2704 Disperditur,
747 2623 778 2682 et
788 2615 1077 2701 Guelferbytanum
1088 2612 1205 2677 librum

109 2721 228 2786 saeculo
252 2717 376 2784 deoimo
399 2719 552 2804 seriptum
578 2719 611 2783 in
633 2717 778 2784 seeundo
798 2717 842 2784 ad
863 2717 1044 2786 corinthios
1066 2713 1205 2800 epistula

16 2911 17 2914 Ἴ
107 2816 1204 2914 xu‚lbruparr'aperdarpror'upeador.iamveroinipsaredequa

16 2925 18 2944 '
109 2929 195 3007 posta
214 2923 304 3006 agit,
324 2943 389 2988 non
407 2924 542 2989 multum
562 2924 714 3009 interest,
734 2923 919 2989 distractum
934 2936 978 2988 est
992 2921 1118 3004 legatur
1134 2937 1205 2984 oum

16 3067 17 3070 =
111 3025 294 3093 membranis
321 3029 355 3090 et
375 3023 466 3090 Italis
495 3033 526 3093 et
552 3026 628 3092 olim
654 3027 841 3114 impressis,
864 3024 987 3092 soilieet
1005 3045 1139 3104 aarum,
1162 3039 1205 3086 an

110 3126 270 3194 distraetus
292 3131 415 3192 mutata
429 3129 582 3206 orationis
598 3128 721 3214 farma,
744 3136 779 3195 ut
792 3128 947 3194 Marullus
963 3131 995 3192 et
1009 3124 1203 3206 Lambinus,

111 3227 163 3296 hoo
179 3229 274 3296 modo
287 3279 296 3314 ,
318 3230 357 3295 Ut
366 3231 404 3312 fit
414 3233 514 3297 ubiiu
519 3255 644 3319 parvos
653 3234 758 3318 portis
770 3231 961 3318 discerpitur
972 3253 1106 3311 aarum,
1121 3227 1203 3292 Par·

105 3355 185 3416 para
192 3333 421 3420 pourrbeusque
431 3335 516 3400 calor
527 3334 722 3401 abrrrbsimu’
738 3335 835 3400 multo
847 3333 978 3400 sisaran
989 3355 1059 3397 aare
1070 3330 1204 3396 distrae-

110 3445 153 3498 ιιι
173 3432 370 3521 disperditur
391 3437 511 3502 amari.
526 3437 612 3504 idem
627 3438 711 3504 enim
726 3441 889 3522 remanet,
913 3455 984 3500 eum
1005 3431 1206 3517 discerpatur

112 3552 213 3602 aurum
226 3586 233 3621 ,
248 3557 426 3625 purpuram
448 3547 480 3608 et
502 3541 640 3607 oolorem
662 3541 831 3626 puniceum
855 3535 997 3623 dispergi
1019 3541 1051 3601 et
1073 3553 1204 3602 evanes-

110 3656 194 3706 eere:
211 3640 291 3708 haee
313 3648 422 3709 autem
443 3643 526 3709 inter
547 3663 620 3710 sese
642 3665 707 3710 non
730 3642 903 3709 oohaerere
925 3647 957 3705 et
978 3640 1056 3705 aurr'
1074 3636 1206 3703 mentio-

111 3759 174 3808 nem
188 3750 315 3828 praeter
331 3765 397 3811 rem
412 3742 481 3810 lieri
496 3744 603 3830 quivis
618 3745 805 3828 intellegere
820 3746 926 3827 potest
941 3789 949 3805 .
971 3760 1075 3823 neque
1090 3740 1205 3806 melius

109 3844 156 3926 qni
177 3845 319 3913 leserunt
340 3846 403 3912 duo
426 3845 589 3932 membra,
604 3853 640 3913 ut
655 3845 834 3928 Aventius,
857 3846 897 3910 Ut
909 3844 954 3930 fit
968 3845 1025 3909 aba·
1036 3845 1071 3908 iu
1084 3867 1204 3928 parvas

108 3948 203 4029 portis
214 3947 406 4037 discerpitur
417 3972 554 4014 aarum:
569 3949 643 4015 item
655 3950 810 4034 Purpura
817 3947 1047 4034 poeniceusque
1058 3945 1151 4027 aoior,
1164 3983 1204 3991 -

110 4045 230 4114 Furtim
240 4075 310 4117 eum
321 4051 528 4134 distrahitur,
541 4050 738 4138 drbperditur·
749 4051 868 4132 amuis,
881 4055 938 4115 aut
952 4053 988 4114 ut
999 4048 1205 4132 Naugerius,

110 4149 157 4232 qui
178 4153 354 4219 orationem
376 4151 438 4217 boe
460 4151 556 4218 modo
579 4151 744 4237 distinxit,
766 4159 802 4218 ut
816 4176 886 4218 eum
901 4151 1072 4217 distraetus
1087 4151 1134 4217 ita
1155 4169 1206 4216 oa-

110 4251 251 4334 plendum
273 4273 345 4320 osse
366 4253 547 4338 indicaret,
571 4279 640 4321 auru
663 4255 832 4322 distruatur
855 4267 899 4320 ast
921 4301 927 4316 .
951 4253 1102 4320 hisvero
1125 4273 1206 4321 unus

111 4350 315 4424 interamnae
338 4355 560 4424 Wakefieldns
586 4362 672 4422 reete
701 4356 834 4441 negavit
862 4355 903 4422 de
926 4355 1031 4422 eolare
1054 4356 1123 4420 auri
1146 4354 1206 4423 boe

112 4473 212 4524 serum
235 4477 324 4544 esse,
348 4459 435 4546 quod
457 4457 602 4539 dioatur,
626 4477 697 4523 oum
713 4459 916 4544 disnerpatur
931 4476 1064 4541 aurum,
1081 4480 1206 4523 everrer-

113 4580 172 4624 σενι
176 4561 333 4650 paulatim
348 4563 529 4652 atiupuique
542 4607 548 4624 .
561 4559 612 4625 hio
623 4560 722 4646 igitur
734 4559 936 4628 scribendum
948 4557 1144 4626 existimavit
1152 4561 1210 4627 abr·
