3052 5150
312 371 375 436 ars
549 345 555 355 '
843 369 888 436 rv

312 548 343 608 et
365 561 387 606 a
409 542 574 607 Prisoiano
596 551 789 623 agnoscatur
817 541 920 606 solum
943 542 1047 626 pbdl
1072 549 1105 608 et
1130 543 1165 610 in
1186 542 1294 608 tabula
1314 541 1403 608 Hera·
1514 595 1515 620 ,

312 643 432 709 aleensi
460 644 503 708 sit
529 649 566 734 et¹
586 643 620 708 in
653 642 845 730 oenotapbio
875 643 1014 728 Pisano,
1029 663 1136 730 neque
1168 665 1227 711 suo
1252 651 1403 728 tempore,
1514 703 1515 726 ,

311 765 507 830 quamquam
531 745 647 838 deeius
669 744 878 826 dissenserit,
897 746 992 812 aliter
1013 766 1206 832 quemquam
1228 747 1331 814 diaare
1350 753 1405 812 tos·

311 854 395 914 tetur
410 848 512 913 Varro
536 849 577 914 de
595 849 708 934 lingua
722 847 841 912 Latina
863 868 908 910 vn
930 869 962 932 p.
974 848 1057 931 372,
1073 849 1100 914 si
1123 850 1193 916 eius
1212 848 1310 916 verba
1329 855 1406 914 reato

313 949 482 1016 emendavi
505 951 538 1015 in
554 950 638 1016 huno
658 948 809 1016 modum.
826 939 997 1016 Obaceaam
1019 949 1137 1017 dr'etam
1157 977 1178 1017 a
1199 975 1310 1018 aeeaa.
1325 971 1363 1034 a,
1377 963 1407 1014 at

312 1051 434 1120 Graeci
445 1067 500 1118 aot
514 1054 632 1118 Acadira
647 1053 756 1118 scribit
770 1076 936 1118 scaenam.
952 1053 1001 1119 sia
1014 1053 1218 1120 Florentium
1236 1054 1336 1138 liber,
1351 1052 1407 1118 nisi

312 1154 398 1239 quod
412 1155 509 1222 habet
529 1179 566 1222 ea
580 1169 634 1239 at,
650 1161 682 1221 at
703 1137 812 1220 seete
833 1178 968 1239 scaena,
984 1155 1081 1240 idque
1096 1161 1292 1240 eorreetum,
1307 1161 1341 1220 ut
1354 1155 1408 1220 La·

312 1257 498 1340 gomarsino
521 1257 626 1326 visum
649 1263 717 1342 eu,
734 1281 866 1350 serena.
882 1258 926 1323 ad
947 1277 1043 1343 quem
1061 1257 1150 1324 blatii
1172 1277 1300 1324 versum
1314 1257 1408 1324 Varro

312 1361 396 1426 haee
407 1361 554 1445 scripsit,
570 1361 705 1427 obsceni
712 1359 1064 1448 interpresfaneats'qae
1074 1363 1189 1428 ominis
1198 1360 1409 1444 (Florentium

311 1465 398 1546 οεῖιε,
414 1461 448 1527 id
471 1469 520 1528 est
541 1462 659 1546 omues)
682 1475 811 1544 auctor,
828 1480 901 1526 aum
923 1463 1022 1528 miror
1048 1483 1070 1528 a
1093 1462 1195 1530 doetls
1218 1464 1284 1530 alio
1306 1461 1409 1528 referri

310 1584 408 1648 quam
423 1563 466 1630 ad
477 1565 680 1630 Homericum
697 1555 813 1630 Me‘m
827 1565 957 1629 κακῶν.
972 1565 1303 1649 posteaFlorautinus
1313 1565 1409 1644 ῼθατε

265 1693 271 1702 ·
311 1679 402 1752 torpe
413 1664 484 1732 ideo
500 1668 698 1750 obseravere,
714 1667 800 1754 qaod
809 1669 877 1732 nabi
885 1669 919 1732 ia
930 1691 1078 1732 aoaersom
1090 1668 1202 1754 palam
1214 1667 1284 1734 da'ea'
1294 1693 1355 1734 eoa
1364 1667 1409 1734 de·

312 1767 379 1833 det.
392 1767 426 1833 id
439 1775 487 1834 est
495 1769 602 1848 Quare
614 1783 705 1856 turpe
715 1768 786 1835 ideo
797 1770 976 1852 obscenam,
988 1769 1074 1856 qaod
1083 1771 1152 1836 esse·
1158 1772 1194 1836 ob
1206 1795 1351 1838 scaenam
1354 1792 1408 1857 pa

311 1871 376 1935 lem
387 1869 456 1936 diei
462 1895 523 1936 oon
536 1871 622 1937 debet
633 1895 644 1936 .·
654 1889 730 1936 nam
742 1871 778 1936 ob
789 1895 936 1937 oooamm
948 1871 999 1937 hia
1007 1872 1104 1938 soribi
1114 1892 1167 1938 res
1179 1873 1297 1957 exigit,
1309 1891 1410 1957 quam·

311 1991 409 2055 quam
424 1973 523 2056 vulgo
539 1979 628 2038 aeter
649 1975 684 2038 in
699 1997 815 2038 aeaeae
829 1973 1038 2057 pronuntiare
1061 1973 1195 2058 dieitur,
1212 1975 1273 2042 aed
1294 1977 1352 2062 qai
1361 1975 1410 2040 too

310 2075 394 2141 ldae
408 2077 557 2142 subtilius
578 2076 645 2140 velt
660 2075 763 2142 dicere
784 2075 954 2159 (Varronis
969 2077 1070 2162 ipsius
1092 2077 1194 2144 narba
1208 2084 1285 2145 sunt
1304 2077 1337 2143 in
1351 2096 1410 2144 aor-

311 2197 389 2262 pora
404 2177 547 2244 Puts'abii
562 2199 594 2263 p.
606 2177 725 2262 2264),
742 2202 804 2244 noa
819 2180 854 2244 eir
869 2202 985 2246 aeaeae
1005 2179 1063 2246 aed
1070 2204 1133 2266 pro
1147 2205 1265 2247 aeaeae
1286 2179 1362 2246 diod
1370 2196 1412 2262 ‚a

311 2301 375 2365 quo
397 2299 462 2345 non
485 2279 593 2346 differt
608 2283 644 2346 ob
665 2305 833 2347 scaenam.
849 2280 908 2348 aad
931 2281 1128 2348 redeundum
1150 2289 1199 2348 est
1221 2281 1266 2349 ad
1280 2279 1411 2348 Luarelii

309 2401 458 2467 versum,
480 2383 535 2466 qui
557 2402 629 2448 oum
652 2383 879 2476 interpretibus
901 2383 982 2449 nihil
1003 2384 1124 2467 negotii
1146 2383 1282 2468 feeerit,
1302 2382 1413 2448 milia

312 2484 435 2551 furioso
451 2483 612 2570 proiectus
631 2483 779 2570 videtur,
796 2486 937 2554 aeaeae·
953 2488 1087 2573 speeiem
1098 2535 1106 2570 ,
1119 2499 1252 2573 potrum
1273 2499 1412 2552 matrum

310 2611 370 2674 que
394 2585 522 2654 deorum
534 2611 545 2670 ,·
560 2605 619 2652 neo
640 2587 786 2678 profesto
808 2589 939 2672 sanior,
954 2589 984 2655 si
1006 2607 1078 2654 eum
1101 2587 1191 2654 Italis
1214 2595 1248 2655 et
1262 2586 1412 2668 Marullo,

311 2707 392 2773 quos
415 2708 525 2755 omnes
548 2696 717 2774 secuntur,
738 2689 977 2776 hypermetrnm
1004 2688 1182 2774 faeiamus,
1202 2704 1333 2776 petram
1353 2713 1411 2754 aa·

235 2869 243 2884 .
310 2806 454 2878 eramque
476 2791 687 2880 demumque:
702 2813 778 2859 nam
800 2793 859 2860 etsi
876 2793 1009 2860 deornm
1029 2793 1126 2876 signa
1140 2793 1174 2858 in
1188 2811 1312 2860 seaena
1326 2796 1411 2873 suut,

309 2893 401 2961 nulla
422 2899 529 2960 amau
551 2901 625 2960 sunt
642 2909 773 2982 parmen
787 2907 1004 2982 metrumque.
1020 2894 1123 2980 turpis
1145 2900 1195 2962 est
1216 2896 1252 2960 in
1267 2895 1327 2962 hoa
1348 2894 1412 2960 loeo

310 2997 517 3082 interpretum
531 2996 667 3082 levitas,
684 2998 740 3082 qui
761 2998 898 3082 primum
914 3017 972 3082 per
986 3017 1023 3064 εθ
1042 3015 1107 3062 non
1123 2995 1266 3064 viderint
1280 2997 1413 3064 deorse

310 3098 514 3166 scribendum
530 3119 602 3166 esse
624 3100 679 3166 ubi
701 3107 750 3166 est
767 3100 916 3184 deorum,
932 3099 1051 3166 deinde
1066 3097 1251 3165 Lueretium
1265 3099 1345 3166 haee
1365 3115 1411 3164 ea

310 3202 383 3267 dem
406 3219 507 3286 prope
529 3221 588 3286 per
602 3202 731 3285 singula
752 3202 853 3268 verba
874 3203 1031 3287 repetisse
1052 3221 1116 3268 nou
1133 3199 1413 3268 animadverterint

311 3303 371 3369 hoa
393 3304 464 3389 ipso
487 3303 569 3369 libro
593 3304 676 3388 982,
694 3318 722 3371 et
744 3327 921 3370 consero-um
942 3329 1068 3372 θθεειθνθ
1090 3303 1222 3371 eandem
1243 3303 1411 3387 samsone

309 3407 407 3472 simul
426 3407 534 3472 varios
556 3405 720 3492 splendere
742 3405 887 3473 decores.
903 3406 1019 3491 quibus
1042 3406 1254 3474 consideratis
1277 3425 1341 3472 nen
1361 3421 1411 3489 pa

309 3513 372 3574 test
394 3507 565 3574 obscurum
586 3527 659 3574 asse
682 3508 733 3576 hie
754 3508 851 3574 scribi
874 3508 996 3598 debere
1014 3511 1155 3578 scaenai
1177 3511 1312 3595 speeiem
1334 3525 1411 3570 ruu-

310 3632 408 3676 cnsu
429 3631 651 3680 nseruuaun
673 3632 870 3701 ascensu.

394 3714 447 3780 81.
480 3713 532 3778 Er
567 3727 717 3784 eusnao
750 3735 889 3778 cincun
924 3735 1024 3780 uras
1057 3736 1149 3780 suun
1185 3730 1410 3780 rnennusrnr

310 3835 476 3880 unsarai
498 3815 858 3900 Monn1A.Oblongus
881 3823 912 3882 at
934 3818 1007 3883 Itali
1030 3818 1226 3901 inchoasti-a,
1242 3813 1411 3900 quadratus

309 3919 434 3984 tecleae
446 3917 556 4000 ,unda
579 3919 764 4003 apparatio
786 3917 962 4004 arohetypo
978 3937 1044 3985 non
1065 3937 1180 4005 puram
1194 3925 1227 3984 at
1248 3917 1410 3984 inlibatum

310 4020 410 4085 fuisse
433 4019 642 4105 scripturam,
659 4020 716 4086 sed
740 4021 844 4106 prima
858 4039 955 4086 manu
978 4021 1148 4105 vitiosam,
1164 4041 1240 4088 mox
1261 4033 1409 4086 aeorroo·

309 4122 431 4189 toribus
459 4128 667 4208 temptatam.
689 4142 813 4206 neque,
834 4124 863 4189 si
891 4123 1008 4190 Aeolus
1036 4124 1069 4188 in
1091 4121 1310 4209 Alphesiboea
1335 4115 1410 4184 dixit

308 4225 366 4292 Sei
379 4224 457 4310 (Sed
471 4227 670 4310 exemplaria
686 4225 784 4292 Nonii
803 4245 834 4309 p.
849 4225 899 4308 73,
912 4226 968 4309 27)
984 4228 1204 4312 eapostdatem
1218 4224 1409 4290 {uoluam

298 4329 400 4417 ,aaa-sb
414 4328 616 4415 squalidam,
636 4323 749 4394 eodem
760 4327 830 4392 iure
844 4328 968 4393 moenia
981 4328 1107 4394 inclusa
1120 4327 1184 4393 diei
1199 4331 1351 4412 possunt.
1366 4319 1408 4388 rai

250 4453 254 4458 ·
309 4429 646 4496 eonvenientissimum
683 4435 732 4496 est
763 4450 959 4494 suenone:
981 4449 1056 4496 nam
1092 4429 1233 4516 spatium
1268 4423 1407 4510 angustis

310 4531 477 4598 moenibus
500 4531 657 4598 inclusum
679 4530 806 4598 facilius
829 4532 861 4596 io
884 4551 919 4599 εθ
941 4533 1074 4620 corripit
1096 4538 1128 4598 at
1146 4529 1269 4618 eolligit
1290 4531 1407 4608 luam,
