3036 5150
283 392 347 461 100
818 392 852 460 ll

287 567 437 631 Utrumne
460 590 494 632 os
517 589 559 630 ars
581 565 687 631 culum
708 565 875 652 olfacerem
892 566 1050 633 Aemillo.
1066 565 1192 631 tertium
1207 583 1310 648 genus
1325 583 1385 630 non

281 667 344 734 uisi
361 668 394 732 in
409 667 642 752 monosyllabis
657 667 763 733 locum
779 667 895 733 habet:
919 685 1023 750 neque
1045 669 1131 732 enim
1149 667 1273 733 llunius
1295 667 1387 751 scrip

281 771 324 837 sil
335 771 402 852 Qui
413 783 478 834 tam
493 771 637 836 vivebant
651 771 790 836 tornines
806 783 899 856 atqua
912 793 1024 835 aevum
1039 771 1194 858 agebant,
1211 769 1270 836 sed
1279 769 1388 840 Gellio

282 877 363 938 teste
385 871 420 937 in
441 873 536 955 1πηῖ
557 871 681 938 Seneca
708 873 741 938 in
765 872 864 938 Bruto
888 873 1051 940 Ciceronis
1073 873 1115 938 58
1146 873 1389 960 legebaturque

282 999 393 1040 aevom
415 975 599 1060 epitolam.
623 975 656 1040 in
678 995 775 1042 versu
789 975 928 1042 Lucretii
943 975 1045 1041 altero
1061 1000 1076 1040 c
1091 975 1293 1060 praepositio
1315 976 1390 1058 quia

282 1075 359 1142 ferri
382 1094 447 1141 uon
470 1083 596 1162 potest,
614 1077 771 1144 Marullus
793 1077 922 1164 scripsit
937 1091 990 1162 ot,
1006 1075 1228 1144 Wakefieldus
1244 1091 1274 1144 ec
1284 1103 1296 1161 ,·
1316 1097 1390 1162 quo

281 1199 350 1245 rum
366 1179 471 1245 neutri
487 1179 576 1246 loeus
593 1187 642 1246 est
656 1180 720 1260 nisi
735 1179 847 1245 addito
863 1193 954 1247 sont.
977 1199 1073 1265 porro
1089 1180 1208 1246 levatas
1223 1194 1319 1266 atque
1339 1205 1390 1244 ra-

281 1281 385 1348 taodi’
401 1281 547 1348 adonim
561 1281 667 1348 simile
683 1289 732 1348 est
746 1282 811 1348 illis
827 1281 914 1367 apud
927 1281 1103 1365 Vergilium
1118 1283 1293 1368 monstris,
1309 1301 1392 1366 quae

281 1383 459 1450 iandudum
474 1391 647 1471 procurata
662 1391 758 1470 sunt,
775 1387 906 1451 Ls'rrsino
921 1397 1068 1451 tectorum
1084 1398 1112 1450 et
1125 1383 1238 1450 medii’
1254 1387 1289 1450 s'n
1299 1409 1393 1472 pene·

281 1487 417 1552 tralatos
428 1488 564 1570 hostem,
580 1489 668 1554 Inter
679 1512 712 1554 se
723 1489 836 1554 coiisse
847 1489 923 1552 oiro¹
940 1499 968 1552 et
983 1487 1274 1574 decernereferro.
1290 1507 1394 1572 neque

282 1595 391 1655 tamen
408 1589 506 1656 scribi
522 1595 648 1676 potest,
665 1596 699 1655 ut
714 1588 852 1656 Marullo
869 1593 901 1655 et
915 1589 1030 1655 ceteris
1044 1588 1186 1674 placuit,
1203 1590 1328 1657 leoa‘bna
1349 1604 1393 1656 ct-

283 1716 344 1778 que
359 1691 504 1758 rotandis
519 1694 643 1758 mnata:
658 1711 732 1757 nam
744 1693 802 1758 illa
815 1711 952 1777 corpora
963 1693 1035 1777 ipsa
1046 1691 1185 1758 rotunda
1193 1699 1272 1758 sunt
1284 1743 1292 1778 ,
1310 1701 1394 1778 corte

278 1794 408 1881 ylebosa
419 1793 502 1878 469,
525 1813 631 1878 neque
648 1795 793 1861 rotundis
807 1796 928 1879 mixta,
951 1792 1010 1860 sed
1024 1795 1126 1860 menta
1141 1819 1262 1882 aspera
1276 1796 1395 1863 ἷενίὂιω

280 1896 365 1962 471.
381 1896 491 1982 itaque
513 1895 595 1963 haec
616 1896 737 1981 verba,
754 1905 848 1984 atque
870 1897 1006 1964 rotundi
1016 1947 1025 1980 ,
1041 1895 1183 1962 dubitari
1205 1917 1274 1964 uon
1299 1897 1394 1964 debet

281 1999 359 2083 quin
382 2018 423 2065 ex
446 1998 611 2084 superiore
633 2017 730 2066 versu
752 1999 837 2066 male
852 2001 1012 2067 inculcata
1034 1999 1118 2065 sint:
1141 1999 1200 2065 sed
1222 2000 1259 2065 in
1283 2019 1394 2067 eorum

280 2101 387 2167 locum
411 2100 488 2186 quid
511 2100 615 2168 suffici
644 2101 762 2168 debeat
788 2109 917 2188 praeter
938 2115 1029 2185 ssent,
1053 2102 1140 2184 quod
1163 2101 1283 2170 deesse
1305 2102 1393 2185 dixi,

281 2204 360 2270 satis
383 2209 469 2270 certo
493 2204 643 2270 constitui
666 2223 732 2270 non
753 2212 880 2290 potest.
897 2205 957 2271 hoo
979 2211 1087 2270 amen
1109 2223 1272 2290 apparere
1295 2211 1393 2291 puto,

280 2325 352 2372 oum
374 2311 471 2391 poeta
493 2305 550 2371 ilia
571 2306 659 2373 levia
680 2314 776 2392 atque
799 2307 940 2374 rotunda
964 2307 1039 2373 ideo
1062 2307 1173 2374 sudori
1195 2307 1300 2373 maris
1323 2327 1394 2372 con-

279 2409 389 2475 venire
404 2407 541 2474 dixisset
555 2409 642 2496 qood
654 2411 902 2494 conductelae,
914 2429 1143 2476 nunonecesse
1155 2409 1261 2475 luisse
1276 2415 1313 2476 ut
1328 2427 1393 2474 eor-

279 2530 361 2597 pora
376 2529 494 2596 aspera
509 2515 540 2577 et
554 2511 691 2595 globosa
706 2513 736 2579 ei
751 2537 814 2578 noo
829 2539 869 2580 ea
884 2513 993 2580 eodem
1009 2523 1108 2579 caasa
1131 2511 1248 2578 adesse
1272 2509 1393 2596 siguifi-

279 2621 386 2681 oaret.
403 2632 504 2698 quare
527 2613 605 2680 mihi
628 2614 708 2681 hoec
730 2617 922 2682 sententiam
945 2617 1025 2683 satis
1046 2623 1132 2683 recte
1148 2615 1334 2700 exprimere
1348 2613 1393 2680 vi-

280 2714 414 2800 dentur,
438 2737 482 2779 uu
506 2717 620 2783 levibu’
644 2740 734 2783 sunu
756 2739 921 2783 sunnon
945 2718 1033 2802 (sive
1056 2717 1095 2783 de
1116 2715 1221 2803 terro)
1244 2717 1394 2783 adonim

278 2817 399 2885 doloris
421 2819 586 2906 Corpora.
608 2840 801 2907 quamquam
824 2822 871 2886 sic
893 2841 1021 2906 quoque
1044 2819 1246 2885 mirationem
1271 2819 1395 2885 faciunt

277 2921 335 2986 illa
350 2921 469 2988 dolore
486 2921 647 3011 Corpora,
671 2942 755 3008 quae
778 2929 852 2989 suut
873 2923 1052 3008 pungentia
1074 2941 1189 2987 sensus
1212 2929 1245 2988 ot
1261 2922 1393 2988 laeden-

277 3023 343 3089 tia.
368 3023 448 3090 haec
470 3025 499 3090 si
522 3025 572 3090 cui
596 3032 661 3091 tam
685 3025 825 3093 breviter
847 3025 909 3090 dici
925 3025 1070 3111 potuisse
1086 3044 1151 3089 non
1174 3023 1392 3105 videbuntur,

277 3125 397 3193 tostos
419 3145 546 3211 quoque
569 3147 609 3193 ex
632 3147 727 3195 versu
750 3129 860 3212 priore
874 3127 935 3192 huc
951 3127 1122 3193 aberrasse
1137 3125 1391 3193 existimandum

276 3228 356 3294 erit:
380 3231 490 3295 omnia
513 3229 598 3296 onim
621 3231 854 3316 plauserunt,
878 3231 904 3294 si
928 3231 974 3295 ita
989 3229 1185 3296 scribemus.
1201 3229 1291 3294 Nam
1307 3228 1393 3316 quod

269 3331 411 3416 floardus
435 3345 498 3417 est,
522 3357 537 3398 e
561 3333 679 3399 l'eocbas
706 3347 800 3420 atquc
827 3331 976 3398 rectrudis
998 3333 1075 3416 Est,
1099 3345 1127 3398 et
1148 3329 1292 3397 sensibu’
1318 3320 1513 3431 scats*

274 3432 405 3500 aliunde
427 3433 572 3500 admenta
594 3433 699 3500 dolori
722 3435 882 3522 Corpora.
992 3455 996 3464 ·
1393 3497 1397 3507 ,
1436 3507 1437 3514 ¹
1489 3515 1491 3522 Ι

358 3536 433 3602 468.
461 3558 528 3600 nuc
559 3559 681 3601 nunes
707 3559 805 3601 nnnc
833 3557 1017 3600 nannenus
1045 3557 1171 3599 suasu
1197 3502 1409 3627 secessui}

273 3637 363 3704 Haec
379 3639 498 3704 omisso
514 3639 692 3723 quadratus
708 3652 815 3704 amat:
828 3639 901 3704 itali
917 3659 1069 3702 nunnus
1083 3639 1389 3704 .nsr1ssn1Lam·
1420 3654 1448 3682 Ὢ

273 3739 369 3805 binus
392 3741 570 3806 secundum
593 3761 721 3807 versum
740 3741 805 3808 454
821 3789 829 3807 .
845 3765 972 3808 reuersae
995 3760 1058 3806 uon
1083 3741 1212 3808 videtur
1233 3741 1387 3806 Latinum

273 3861 345 3908 esse
360 3865 367 3907 :
382 3861 448 3907 nou
471 3850 578 3908 tamen
601 3843 719 3909 suflicit
731 3893 738 3928 ,
752 3843 839 3927 quod
862 3843 939 3909 olim
956 3843 1102 3928 impressi
1119 3843 1259 3927 habeut,
1283 3867 1387 3909 neces-

272 3968 340 4011 sum
352 3995 361 4028 ‚
377 3943 463 4028 quod
480 3945 635 4011 Marullus
658 3947 742 4012 male
765 3945 934 4011 coniunxit
956 3965 1026 4011 cum
1050 3946 1178 4012 Scilicet
1199 3963 1286 4010 ease.
1301 3951 1388 4010 recte

272 4047 430 4113 Antonius
453 4048 546 4112 Marii
569 4073 691 4114 noemae
715 4061 781 4130 est,
798 4048 863 4113 nisi
887 4049 1043 4113 malumus
1066 4067 1307 4111 nsosssunsr
1331 4051 1386 4111 aut

271 4163 449 4215 necessust.
467 4149 534 4214 dixi
557 4169 655 4234 supra
677 4149 720 4215 ad
742 4149 859 4215 librum
882 4171 902 4232 1,
923 4151 1007 4214 111.

356 4251 429 4320 469.
458 4273 533 4316 cun
551 4256 745 4323 'sensurus
775 4273 964 4317 consens.
986 4250 1071 4318 Olim
1098 4251 1245 4338 impressi
1274 4273 1385 4316 coss-

271 4373 389 4419 usur.

354 4456 428 4522 471.
453 4455 504 4521 Er
528 4477 627 4528 ouon
650 4479 767 4522 nrxus
790 4479 906 4523 rurus
928 4457 1383 4528 incrassationem

269 4562 396 4648 moqr's.
419 4559 490 4626 ‘sed
519 4561 614 4626 aliter
644 4561 750 4646 potius
775 4561 862 4645 loqui
885 4561 968 4626 solet
990 4566 1099 4626 noster
1113 4553 1135 4645 ‚²
1160 4557 1384 4626 Wakefieldus
