2996 5148
541 469 585 532 VI
1060 481 1118 544 241
1223 497 1227 504 ·

16 640 20 724 l
50 637 154 718 pondere
173 639 248 704 euim
270 638 372 704 fretae
395 640 508 724 partim
532 645 637 722 stantq
655 640 740 722 quod
763 659 866 720 genus
885 596 1003 706 aurun:
1012 667 1018 707 :

48 760 68 813 et
83 753 175 833 partim
195 773 262 818 raro
286 754 364 836 quia
385 761 459 818 sunt
480 775 552 819 oum
575 774 729 838 corpore,
745 762 779 818 ut
801 763 910 822 aestus

17 867 154 947 supervolet
172 868 319 953 intactus,
338 849 499 951 nequeunt
521 869 668 953 inpellier
690 889 844 951 naquam3

46 979 122 1062 lignea
141 984 277 1048 materies
298 985 333 1048 in
357 1003 420 1066 quo
443 1003 562 1066 genere
585 1003 658 1050 esse
682 985 824 1050 videtur.

45 1094 215 1180 inlemtruque
237 1099 333 1182 igitur
356 1097 433 1163 ferri
456 1105 569 1163 natura
591 1099 699 1164 locata

45 1209 101 1275 aeris
119 1209 163 1276 ubi
183 1214 301 1296 accepit
324 1214 483 1296 quaedam
507 1215 716 1297 corpuscula,
733 1221 798 1278 tum
822 1216 874 1298 fir,

43 1323 156 1406 inpellant
176 1333 207 1392 ut
227 1348 296 1393 eam
321 1330 492 1410 Magnesia
513 1327 643 1394 flumine
665 1349 766 1394 saxa.

19 1454 80 1504 cneo
96 1449 186 1508 umen
206 1441 287 1510 haec
309 1445 358 1509 ita
379 1451 455 1510 sunt
476 1445 610 1508 aliarum
632 1465 736 1508 rerum
759 1445 885 1528 aliena,

42 1555 135 1619 utuihi
153 1558 247 1623 multa
269 1580 386 1644 parurn
408 1579 527 1644 genere
549 1579 589 1624 ex
612 1559 672 1625 hoc
695 1560 955 1645 suppeditentur,

40 1688 94 1748 qum
110 1691 273 1737 memorare
299 1691 417 1754 queam
439 1674 522 1739 inter
542 1674 747 1757 singillariter
766 1681 861 1758 apta.

19 1803 92 1848 ¹sam
109 1785 186 1853 vides
206 1789 347 1873 primum
370 1788 442 1853 sola
465 1789 627 1854 colescere
650 1791 759 1854 calce.

41 1899 120 1975 glutim
138 1903 284 1969 materies
307 1905 435 1968 manno
458 1905 597 1988 iungitur
618 1925 703 1988 uno,

20 2015 247 2085 :aliorumnas
271 2017 455 2084 tabularum
478 2020 607 2104 saepius
631 2020 757 2084 hiscant

43 2148 100 2206 *quan
116 2133 221 2200 laxare
244 2140 370 2217 queant
391 2153 563 2218 compages
586 2143 699 2199 taurea
721 2135 847 2199 vincla.

47 2243 126 2326 itgam
146 2249 257 2316 latices
280 2248 382 2330 aqliai
405 2247 546 2314 lontibus
568 2251 688 2314 audent

50 2357 138 2445 then,
154 2384 223 2428 cum
246 2364 306 2448 pix
328 2372 468 2445 nequeat
490 2365 598 2446 grauis
620 2371 652 2429 et
673 2363 743 2431 leve
766 2366 904 2430 clivom.

44 2489 229 2560 upummque
251 2479 344 2544 colos
368 2480 514 2562 conchyli
535 2480 676 2560 iungitur
697 2500 759 2544 uno

16 2601 128 2672 *irrupere
148 2613 217 2658 cum
241 2595 361 2678 lanae,
376 2593 480 2659 dirimi
504 2595 558 2676 qui
580 2615 643 2660 non
667 2603 765 2676 queat
786 2615 941 2680 usquam;

39 2719 76 2765 uon
91 2707 111 2770 si
129 2710 266 2793 Neptuni
289 2709 387 2774 fluctu
410 2729 564 2775 renovare
588 2729 718 2794 operam
741 2711 819 2792 des3

37 2834 177 2892 ncnmare
199 2827 228 2890 si
252 2831 357 2890 totum
379 2825 455 2890 velit
476 2823 585 2889 eluere
607 2825 754 2890 omnibus
776 2825 891 2892 undis.

36 2927 133 3017 lenique
153 2959 217 3006 non
240 2960 323 3005 auro
347 2959 398 3005 res
420 2959 530 3003 aurum
554 2939 684 3022 copulat
707 2961 789 3022 una,

35 3049 125 3130 aerique
145 3074 197 3119 aes
221 3054 355 3138 plumbo
379 3054 413 3118 fit
435 3055 477 3117 uti
501 3055 651 3134 iungatur
673 3055 713 3118 ah
736 3056 841 3120 albo?

14 3168 105 3228 *utera
123 3167 183 3233 iam
206 3189 306 3252 quam
332 3169 429 3232 multa
451 3169 526 3232 licet
547 3169 706 3252 reperire!
723 3169 798 3250 quid
822 3169 925 3252 ergo?

34 3291 70 3337 lte
85 3279 132 3344 tihi
151 3290 216 3348 tam
238 3283 347 3364 longis
371 3302 452 3366 opus
474 3289 523 3348 est
545 3283 737 3364 amhagibus
758 3304 913 3365 usquam,

34 3405 69 3452 nac
85 3415 126 3459 mc
145 3405 211 3462 tam
235 3399 369 3462 multam
395 3397 445 3461 hic
466 3416 596 3481 operam
621 3417 806 3464 consumere
829 3419 887 3481 par
910 3406 977 3479 est,

12 3577 13 3584 ἵ
33 3501 208 3577 utbreviter
231 3513 345 3595 paucis
369 3520 512 3594 praestat
537 3511 766 3596 eorrrpremlere
790 3513 908 3576 nauita.

11 3609 126 3693 *tanim
146 3628 191 3691 ita
213 3635 364 3692 texturae
388 3626 569 3692 ceciderunt
591 3635 701 3690 mutua
724 3635 855 3710 contra,

11 3743 52 3820 ¹tt
66 3755 130 3804 caus
151 3743 346 3807 conveniant
366 3741 471 3827 plenis
492 3741 572 3806 haec
594 3742 680 3806 illius
705 3743 761 3806 illa

31 3843 147 3934 lutusque
168 3857 253 3921 inter
275 3876 332 3939 se,
355 3856 502 3921 iunctura
525 3857 604 3920 hacc
627 3856 748 3938 optima
768 3862 913 3920 constat.

11 3963 59 4024 ssst
76 3969 180 4054 cham,
198 3971 292 4054 quasi
316 3977 350 4034 nt
371 3970 487 4036 anellis
510 3971 675 4053 hamisque
698 3970 819 4056 plicata

11 4107 197 4230 l*-

33 4261 117 4316 {¹3⁸5ng
134 4269 148 4337 ΙΙ
169 4275 236 4322 1062
256 4273 327 4322 Inter
340 4282 457 4336 utrasque
479 4273 491 4340 ΙΙ
512 4275 597 4323 lnata.
620 4269 633 4340 {l
656 4276 722 4322 1064
742 4289 799 4323 eum
820 4271 831 4340 ll
853 4275 959 4324 flumina
979 4273 992 4344 ΙΙ
1014 4280 1079 4326 1007
1093 4296 1119 4329 se

37 4345 159 4410 i[luculenter
170 4373 276 4424 aptam.
297 4357 311 4428 ll
332 4363 398 4410 1068
412 4361 495 4426 ridell
510 4362 652 4410 coalescere
672 4357 686 4427 Η
708 4364 774 4410 1060
786 4377 853 4412 una.
875 4365 888 4428 ΙΙ
910 4365 972 4412 1701
989 4363 1089 4414 cincla.
1105 4365 1117 4432 ll

32 4437 77 4485 *lit
93 4457 213 4496 nenorurs
233 4444 247 4516 ll
270 4451 336 4496 1077
356 4448 439 4498 cinere
460 4447 473 4518 ll
495 4450 561 4498 1078
580 4465 618 4498 res
636 4463 699 4497 auro
719 4447 733 4518 ll
758 4451 823 4498 1079
844 4450 961 4512 Aeraque
979 4451 1083 4514 plumbo

879 4553 916 4614 16
