3052 5150
667 389 716 456 IlI
1185 392 1245 458 165

149 565 233 648 (993)
257 562 384 648 scripsit
409 562 464 626 Eu
492 563 557 626 oleo
586 565 670 626 neoti
693 564 786 627 uestis
814 561 932 628 debebit
959 563 1144 627 Arachnes:
1171 581 1246 627 nam

21 749 22 752 Ἴ
148 667 232 732 huius
246 667 332 731 modi
349 665 484 731 delicias
501 663 792 730 Alexandrinorum
808 667 841 730 in
857 665 971 749 pce'sin
987 665 1136 730 Latinam
1150 667 1245 752 primi

148 771 327 836 invexerunt
348 767 394 832 illi
415 785 496 850 quos
516 765 628 832 Cicero
653 765 732 830 dicit
753 779 895 832 cauteres
910 767 1124 854 Euphorionis
1147 769 1245 854 (rau-

22 956 23 962 Ὶ
146 871 252 959 riguus
267 870 412 957 appellat
426 868 511 935 idem
533 868 575 933 ad
593 869 729 934 Atticum
754 869 964 954 epistularum
987 871 1089 954 v11‚2‚
1113 872 1165 936 ubi
1182 872 1245 966 sig-

147 976 246 1042 nificat
268 995 325 1041 cos
347 991 499 1039 vemuum
522 971 665 1037 mollium
689 977 720 1036 et
742 970 908 1038 doctorum
931 973 1115 1039 studiosos:
1135 973 1246 1039 Fleuit

146 1081 180 1144 ob
194 1080 303 1166 dipel-o,
320 1075 430 1160 inquit,
448 1075 627 1140 leuthericus
643 1075 865 1143 Onchesmites.
882 1075 963 1141 huuc
979 1071 1245 1158 σπονδειάζοντα

145 1183 174 1246 si
189 1182 243 1246 eui
261 1180 344 1246 coloe
358 1179 424 1242 τῶν
438 1175 607 1263 νεωτέρων
618 1201 679 1263 pro
695 1191 746 1242 tuo
760 1176 920 1262 venditu),
945 1177 1048 1246 Cinna
1063 1186 1095 1246 ct
1110 1179 1243 1264 Gallus,

145 1283 200 1348 nisi
216 1283 333 1366 tollor,
358 1287 389 1347 et
404 1279 504 1346 multo
520 1280 626 1366 magis
638 1285 754 1365 postea
770 1277 912 1345 scholica
926 1281 1060 1366 Vergilii
1076 1289 1108 1348 et
1123 1289 1244 1348 cetero·

144 1403 206 1449 rom
232 1389 376 1450 veterum
403 1388 571 1468 potarum
600 1381 838 1448 recordatio.a
861 1380 963 1448 Statio
987 1384 1098 1451 alcedo
1127 1385 1244 1451 dicitur

144 1487 277 1575 Aleqoue
298 1487 332 1551 iu
348 1485 533 1552 Thebaidos
557 1507 599 1568 ιι,
616 1486 677 1551 361
694 1508 700 1549 :
717 1485 923 1568 Vergilianas
943 1487 1082 1552 castitati
1105 1507 1170 1552 non
1193 1507 1243 1554 sa-

143 1588 178 1652 tis
200 1589 351 1656 convenit
372 1587 460 1672 quod
483 1594 532 1654 est
554 1588 586 1652 in
603 1587 777 1671 georgicon
799 1609 845 1673 111,
862 1589 924 1657 338
940 1591 1114 1678 Litoraque
1128 1591 1242 1676 Atoqu

143 1707 384 1776 eremumque,
407 1690 465 1758 sed
488 1691 594 1778 potius
616 1691 796 1777 alcyonem,
819 1698 853 1757 ut
879 1693 911 1756 in
934 1693 1109 1778 georgicon
1130 1715 1155 1772 1,
1179 1694 1242 1760 399

143 1796 279 1862 Dilectae
296 1794 425 1861 Theu‘ele·
438 1795 603 1882 alcyones.
626 1793 667 1859 de
682 1793 752 1860 Silii
768 1813 864 1860 versu
880 1817 944 1878 xiv,
961 1795 1023 1861 275
1045 1815 1109 1862 non
1133 1795 1242 1880 dispu-

142 1897 237 1982 tabc,
265 1897 298 1962 in
326 1917 390 1982 quc
413 1897 566 1982 scriptum
590 1903 638 1962 cat
661 1897 738 1963 Cum
761 1911 852 1962 souat
874 1899 1055 1987 Halcyoues
1077 1911 1170 1964 cautu
1184 1898 1241 1963 :in

143 2001 257 2066 Valerii
270 1999 377 2065 Flacci
390 2021 432 2082 ru,
448 1999 490 2066 45
506 2004 581 2065 aute
597 1999 761 2064 Heinsium
780 2000 921 2088 cloqouia
935 2001 1242 2088 meheroefetumque

141 2103 314 2191 laremque.
331 2103 410 2168 mire
433 2103 556 2168 Seneca
585 2103 619 2166 in
642 2103 885 2184 Agamemnone
912 2103 976 2170 680
1005 2103 1076 2169 lieet
1097 2105 1241 2190 utoqouee

141 2205 235 2293 Oeqou
256 2229 349 2272 suum
364 2243 404 2252 -
420 2218 546 2270 souma.
562 2202 619 2270 sed
643 2205 768 2270 leniora
787 2211 861 2270 sunt
877 2225 960 2292 quae
975 2206 1118 2292 pluribus
1133 2205 1241 2272 verbis

142 2308 301 2374 historiam
317 2307 525 2391 adumbrant,
542 2313 576 2371 nt
592 2306 624 2372 in
636 2328 669 2369 ιι
681 2307 857 2390 georgicon
876 2309 914 2376 15
930 2333 1130 2396 meropesque
1145 2309 1242 2376 oliae·
1366 2361 1369 2370 .

140 2434 194 2495 que
219 2409 379 2494 uolucres,
407 2413 449 2476 Et
476 2411 622 2475 monibus
644 2411 766 2476 Procae
791 2423 903 2497 pertua
930 2415 1056 2500 er'quuto
1083 2413 1242 2478 cruentis:

143 2511 266 2596 durinc,
290 2512 375 2597 qnod
392 2511 604 2579 blarlrlandus
627 2511 780 2599 volebat,
803 2515 937 2581 uocalis
952 2517 1089 2581 uumtir
1103 2515 1174 2580 sinc
1196 2516 1242 2580 in-

141 2614 219 2680 dicio
248 2614 324 2680 tacti
339 2664 346 2679 .
363 2623 397 2681 at
418 2615 553 2682 Ovidius
584 2614 798 2681 audacissime
826 2615 858 2680 in
880 2637 914 2679 ιν
936 2637 977 2683 cx
1000 2619 1102 2683 Ponto
1126 2619 1176 2702 10,
1198 2619 1241 2686 55

141 2717 258 2804 Quique
281 2716 365 2782 duos
387 2730 511 2801 terroe,
539 2719 653 2783 Areum
677 2717 851 2806 Cadmique
872 2743 1009 2786 sororem
1021 2771 1029 2804 ,
1054 2721 1190 2807 Separat
1213 2736 1241 2787 et

139 2843 244 2886 currus
266 2822 349 2885 auter
364 2833 531 2908 utrumque
542 2821 632 2907 facit
648 2870 654 2884 .
671 2821 731 2886 hoc
747 2841 787 2886 ne
803 2821 923 2888 Statius
939 2821 1068 2906 quidem
1091 2829 1238 2908 superat,

140 2939 204 2986 curn
230 2921 383 2988 describit
403 2921 573 2988 Herculem
604 2923 784 3010 Corffcetum
819 2925 930 2990 thabsia
961 2937 990 2990 et
1015 2925 1110 2990 multo
1128 2925 1241 3012 fratre

139 3023 325 3107 uodonem,
341 3025 495 3092 silvarum
511 3048 557 3110 ru,
576 3027 605 3110 1,
620 3026 660 3089 41
676 3076 682 3090 .
699 3031 827 3112 practer
838 3025 993 3092 Serenum
1008 3032 1117 3090 autem
1133 3027 1240 3092 Dona·

140 3134 185 3194 tus
208 3128 249 3193 ad
273 3129 461 3196 Eunuchum
485 3151 527 3214 ιι,
550 3129 581 3213 3,
602 3128 641 3193 21
667 3149 706 3194 ex
731 3129 779 3195 bis
802 3130 941 3196 Lucretii
964 3127 1110 3196 versibus
1134 3127 1241 3197 hausit

140 3255 268 3298 oroueoo
289 3234 406 3298 oretum
427 3246 560 3300 uestem.

219 3335 290 3402 385.
316 3355 460 3399 suenus
476 3357 619 3401 curun.
637 3334 751 3423 Ocpud
765 3334 923 3418 oblongus
939 3357 985 3420 111,
1004 3335 1084 3420 138,
1101 3335 1240 3422 quadra-

143 3441 188 3502 tus
209 3459 241 3522 u,
267 3436 351 3502 1164
372 3459 418 3522 ιιι,
444 3438 502 3503 147
527 3437 590 3504 654
613 3459 641 3520 v,
665 3437 726 3504 85.

215 3539 287 3606 386.
311 3560 535 3611 rerroscna
551 3561 761 3604 votanrrs.
778 3540 872 3606 Hunc
893 3559 1019 3606 versum
1037 3543 1156 3608 Paulus
1179 3550 1239 3609 rct-

138 3641 203 3708 tulit
217 3643 250 3708 in
259 3642 384 3708 'librum
400 3662 441 3708 en
456 3642 551 3708 Festo
567 3665 621 3706 ιιι
636 3665 668 3729 p.
688 3645 748 3711 119
764 3643 916 3708 editionis
929 3643 1142 3710 Lindemanni
1157 3691 1163 3708 .
1181 3645 1238 3711 sed

138 3745 267 3812 eundem
283 3743 541 3810 Lindemannum
556 3744 617 3811 huc
632 3745 753 3812 reterre
774 3747 873 3812 miror
895 3766 978 3830 quae
1000 3745 1097 3812 habet
1112 3747 1235 3813 Probus

135 3865 163 3930 p.
182 3849 280 3915 1450.
297 3846 420 3913 subieci
448 3865 507 3931 ea,
536 3854 571 3913 ut
597 3868 617 3914 a
645 3847 841 3914 doctioribus
864 3849 969 3915 excuti
993 3855 1148 3933 possent.-
1164 3856 1238 3916 sunt

135 3956 235 4016 autem
250 3949 345 4016 huius
360 3948 467 4014 modi.
483 3951 531 4017 Po
553 3951 681 4038 syllaba
696 3953 866 4016 terminato
874 3951 1121 4038 producuntur5
1135 3977 1238 4040 coppo

134 4055 294 4140 copponis.
308 4052 432 4116 actual
442 4065 487 4117 eat
502 4055 621 4137 oolous,
637 4051 724 4140 quod
733 4053 826 4139 oulqc
838 4054 964 4118 caiuma
979 4067 1091 4118 uocant
1105 4103 1113 4118 .
1127 4055 1237 4120 lectum

135 4167 175 4216 est
189 4154 277 4242 opud
291 4155 475 4220 Lucretium
490 4156 545 4221 hos
560 4179 717 4243 coppoaas
731 4203 738 4218 .
754 4153 831 4238 mihi
844 4173 939 4239 quam
952 4161 1037 4221 recte
1053 4158 1237 4240 grammati·

136 4272 186 4320 cus
210 4281 370 4344 coppouee
395 4259 546 4324 Lucretio
575 4258 784 4342 adscripserit
809 4276 874 4321 non
902 4257 1021 4342 liquet,
1048 4259 1236 4324 Franciscus

139 4355 242 4424 Dousa
256 4359 340 4424 inter
355 4359 525 4426 Luciliana
541 4381 581 4426 cx
604 4361 695 4426 libris
718 4359 848 4425 incertis
871 4361 979 4446 posuit
1002 4381 1133 4426 numero
1158 4360 1235 4426 161:

139 4461 255 4526 curbae
266 4469 392 4544 autem,
409 4483 491 4546 quas
504 4463 541 4531 Ο.
556 4462 685 4528 lahnios
696 4459 806 4552 ψυχὰς
817 4461 887 4528 sive
899 4458 1066 4550 φαλαίνας
1085 4481 1156 4528 esse
1168 4481 1235 4527 sus-

140 4558 253 4641 picatur
267 4565 539 4653 (urohuotoqr’aehe
555 4559 694 4654 heitruqe
710 4587 741 4652 p.
761 4566 856 4648 137),
873 4565 966 4631 aliter
980 4565 1076 4630 scribi
1092 4563 1188 4630 video
1201 4563 1234 4630 in
