3052 5144
363 407 402 470 72
878 399 941 464 ·11

286 593 336 640 999
362 571 536 637 sollicitata
560 571 627 636 suis
648 569 810 654 trepidant
832 571 864 634 in
888 569 1019 634 sedibus
1041 569 1146 656 intus,

362 686 458 770 inque
481 685 585 750 locum
610 684 739 766 qnando
763 686 957 769 remigrant,
976 685 1011 760 fil
1031 685 1152 751 blanda
1173 687 1340 772 voluptas,

361 800 443 866 seire
466 801 542 866 lieet
564 799 651 866 nullo
676 799 851 883 primordia
874 819 970 884 posse
993 800 1104 864 dolore

362 914 511 999 temptari
534 915 720 996 nullamque
743 915 938 998 voluptatem
960 934 1076 998 capere
1100 933 1140 977 ex
1162 933 1218 998 se;

364 1027 624 1112 quandoquidem
649 1047 711 1090 non
735 1035 827 1112 sunt,
845 1049 884 1092 ex
908 1028 981 1092 ullis
1003 1028 1231 1113 principiorum

287 1167 338 1214 uro
364 1143 573 1230 corporibus,
591 1163 724 1224 quorum
748 1149 852 1208 nrrrtus
875 1144 1014 1208 novitate
1035 1144 1182 1208 laborent

363 1265 419 1324 aut
442 1258 582 1340 aliquem
606 1255 741 1322 fructum
765 1257 894 1342 capiant
916 1259 1094 1324 dulcedinis
1115 1260 1241 1325 almae:

365 1374 442 1438 haut
464 1373 561 1456 igitur
583 1372 702 1436 debent
724 1391 796 1438 esse
819 1371 882 1438 ullo
906 1374 1053 1458 praedita
1075 1393 1194 1440 seusu.

402 1488 550 1570 Denique
573 1487 617 1552 uti
640 1487 763 1572 possint
785 1487 904 1552 sentire
926 1487 1079 1554 animalia
1102 1509 1268 1575 quaeque,

362 1603 530 1688 principiis
553 1604 579 1668 si
604 1603 668 1668 iarn
691 1607 740 1666 est
761 1621 876 1666 sensus
898 1602 1085 1669 tribuendus
1108 1624 1238 1688 eorum,

289 1739 339 1788 ore
364 1716 461 1800 quid,
478 1737 580 1800 genus
603 1718 775 1782 buuranum
797 1717 962 1800 propritim
987 1719 1028 1784 de
1050 1718 1156 1800 quibu'
1179 1717 1354 1784 factumst?

363 1833 502 1916 seilicet,
522 1839 553 1897 et
576 1833 640 1898 risu
663 1832 797 1898 tremulo
820 1811 977 1896 concussa
999 1829 1191 1898 cachinnant

362 1955 394 2014 et
415 1947 557 2012 lacrimis
580 1954 735 2032 spargunt
758 1947 940 2012 rorantibus
963 1967 1020 2011 ora
1041 1966 1228 2032 genasque,

363 2063 531 2144 multaque·
548 2061 590 2126 de
613 2083 717 2128 rerum
741 2062 876 2126 mixtura
898 2062 1004 2127 dicere
1026 2063 1166 2145 callent,

361 2187 393 2243 et
416 2178 476 2244 sibi
499 2197 653 2262 proporro
679 2197 761 2260 qnae
783 2177 847 2242 sint
868 2176 1045 2261 primordia
1068 2183 1250 2258 quaerunt;

287 2313 338 2361 999
365 2291 622 2374 quandoquidem
646 2292 720 2358 totis
744 2292 932 2356 mortalibus
956 2290 1150 2356 adsimulata

364 2409 436 2492 ipsa
460 2426 586 2488 (quoque
609 2426 648 2472 ex
670 2407 743 2472 aliis
765 2407 884 2471 debent
906 2413 1053 2470 constare
1077 2407 1263 2486 clementis,

364 2521 438 2586 inde
462 2521 527 2586 alia
551 2542 591 2587 ex
613 2522 706 2604 aliis,
724 2541 881 2604 nusquam
906 2519 1079 2588 consistere
1101 2528 1135 2586 ut
1157 2523 1266 2590 ausis:

362 2638 481 2723 qnippe
505 2657 640 2722 sequar,
661 2639 746 2722 quod
771 2655 905 2720 eumque
928 2637 1017 2718 loqui
1039 2636 1208 2719 ridereque
1231 2637 1318 2706 dices

364 2759 396 2817 et
418 2771 552 2838 sapere,
569 2773 609 2819 ex
632 2753 705 2818 aliis
728 2752 840 2816 eadem
864 2751 1159 2818 benefacientibus
1181 2759 1215 2816 ut
1237 2753 1298 2820 sit.

288 2887 338 2934 aso
366 2867 450 2950 quod
473 2869 499 2933 si
523 2867 627 2932 delira
648 2867 728 2933 haee
750 2866 936 2950 furiosaque
960 2866 1119 2932 cernimus
1142 2871 1248 2952 esse,'

363 2983 520 3050 stridere
542 2989 648 3068 potest
669 3003 733 3047 non
756 3002 796 3048 ex
818 2981 986 3046 ridentibu’
1010 2981 1135 3066 factus,

363 3105 395 3162 et
417 3118 531 3184 sapere
554 3107 585 3164 et
607 3097 710 3163 doctis
732 3097 889 3162 rationem
912 3095 1047 3162 reddere
1069 3097 1162 3162 dictis

363 3233 426 3278 non
450 3231 490 3276 ex
512 3214 686 3278 seminibus
708 3212 908 3296 sapientibus
931 3197 1040 3295 atque'
1050 3211 1197 3296 disertis,

364 3327 418 3408 qui
443 3327 546 3392 minus
569 3347 641 3394 esse
664 3334 782 3409 queant
804 3345 844 3392 ea
866 3346 950 3410 qnae
974 3326 1092 3392 sentire
1113 3325 1258 3392 videmus

288 3461 339 3509 999
367 3441 542 3506 seminibus
564 3443 720 3526 permixta
743 3442 924 3508 carentibus
947 3440 1088 3522 undique
1111 3443 1234 3506 sensu?

402 3554 551 3636 Denique
575 3555 705 3620 caelesti
728 3576 836 3622 sumus
860 3575 971 3620 omnes
994 3555 1115 3622 semine
1137 3555 1284 3622 oriundi:

365 3669 513 3734 omnibus
535 3669 590 3733 ille
612 3667 694 3734 idern
719 3677 810 3755 pater
833 3677 900 3752 est,
917 3669 1002 3734 unde
1026 3670 1110 3734 alma
1137 3670 1288 3753 liquentia

363 3785 482 3850 umoris
504 3790 611 3867 guttas
634 3791 734 3850 mater
757 3805 828 3848 omn
850 3789 937 3850 terra
958 3785 1100 3867 recepit,

364 3897 432 3962 seta
454 3898 539 3981 parit
562 3898 679 3964 nitidas
703 3899 813 3980 fruges
837 3899 1031 3982 arbustaque
1052 3898 1140 3966 laeta

290 4032 340 4080 999
366 4021 398 4078 et
419 4031 522 4097 genus
544 4013 737 4098 humanum,
755 4014 840 4098 parit
862 4014 969 4078 omnia
991 4015 1098 4079 saecla
1119 4013 1280 4092 serarum,

369 4291 418 4338 9th
439 4289 469 4338 In
488 4305 539 4350 rqoo
560 4287 574 4356 [1
595 4293 645 4340 915
665 4299 806 4340 auetmust.
829 4288 842 4357 Η
863 4293 912 4339 9ῖ7
932 4301 1041 4354 pangunt
1062 4296 1074 4356 p
1097 4293 1146 4340 982
1166 4291 1200 4340 ali
1220 4287 1286 4360 9911
1307 4293 1355 4342 985
1372 4276 1453 4336 delmi

369 4378 418 4424 986
438 4385 543 4426 auctus.
