3052 5144
374 441 417 506 34
930 441 943 504 Ι

376 615 519 685 constet,
543 629 584 673 an
606 611 795 675 immensum
817 615 927 693 patent
948 615 1103 692 vasteque
1125 609 1339 693 protundum.

418 722 521 789 Omne
545 724 631 806 quod
654 731 703 789 est
725 724 822 807 igitur
843 725 932 790 nulla
954 725 1086 806 regione
1108 725 1229 788 viarum

376 836 548 902 finitumst:
573 857 712 920 namque
736 844 910 905 extremum
934 839 1073 904 debebat
1095 839 1235 905 habere:

301 971 351 1018 999
377 957 553 1016 extremum
575 973 670 1036 porro
693 952 811 1018 nullius
834 972 929 1037 posse
951 952 1078 1020 videtur

377 1085 469 1142 esse,
493 1067 555 1131 nisi
577 1067 661 1130 ultra
682 1067 723 1132 sit
746 1067 830 1149 quod
854 1066 961 1146 finiat3
984 1074 1019 1132 ut
1040 1066 1185 1133 videatur

376 1205 439 1267 quo
462 1203 528 1248 non
549 1181 676 1265 longius
699 1182 781 1248 haec
800 1201 915 1248 sensus
938 1189 1052 1247 natura
1072 1189 1244 1265 sequatur.

376 1317 461 1364 nuno
483 1304 574 1364 extra
596 1317 752 1362 sunrnraur
778 1297 929 1378 quoniorn
951 1297 997 1361 nil
1019 1317 1089 1362 esse
1111 1296 1294 1381 latendum,

374 1433 439 1479 non
462 1412 557 1477 habet
579 1419 775 1494 extremum,
798 1419 885 1478 earet
907 1431 983 1497 ergo
1006 1413 1068 1478 tine
1091 1413 1272 1494 modoque.

301 1551 350 1596 eoo
377 1547 434 1593 nee
457 1525 555 1593 refert
577 1527 693 1609 quibus
716 1526 856 1592 adsistas
879 1527 1063 1612 regionibus
1086 1527 1173 1594 eiu's:

374 1641 598 1725 usqueadeo,
622 1662 715 1722 quem
739 1642 874 1724 quisque
895 1643 999 1708 loounr
1021 1644 1184 1728 possedit,
1208 1644 1240 1707 in
1263 1645 1367 1710 omnis

376 1759 563 1823 tantundem
586 1756 687 1841 partis
709 1756 864 1822 inlinitum
887 1779 981 1824 omne
1002 1759 1170 1840 relinquit.
1391 1749 1394 1754 ’

375 1877 545 1955 praeterea
568 1872 593 1936 si
617 1871 680 1936 iarn
705 1871 824 1936 liniturn
847 1873 1057 1938 constituatur

374 2007 468 2052 ornne
493 1987 578 2068 quod
602 1992 650 2051 cst
672 1987 827 2070 spatium,
852 1987 952 2069 siquis
975 1993 1140 2072 procurrat
1163 1989 1203 2052 ad
1227 2009 1301 2054 oras

299 2121 350 2168 oro
375 2102 504 2166 ultimus
528 2107 686 2166 extremas
708 2101 869 2184 iaciatque
891 2101 1020 2168 volatile
1043 2103 1160 2187 telum,

375 2214 407 2278 id
430 2215 548 2280 validis
571 2221 675 2278 utrurn
698 2222 875 2280 contortum
897 2217 1017 2282 viribus
1038 2217 1086 2282 ire

310 2331 329 2360 ⁰
376 2349 438 2412 qno
462 2329 558 2394 tuerit
580 2330 709 2395 urissunr
733 2331 836 2396 mavis
858 2332 1020 2416 longeque
1040 2331 1169 2414 volare,

375 2465 418 2508 an
440 2443 610 2530 prohibere
633 2445 753 2527 aliquid
778 2465 891 2512 censes
914 2447 1103 2528 obstareque
1121 2447 1244 2530 posse?

377 2559 562 2623 alterutrum
586 2559 719 2624 fatearis
742 2561 826 2625 enirn
849 2581 1022 2643 sumasque
1043 2568 1225 2627 necessest.

300 2694 349 2739 ero
376 2693 508 2754 quorum
532 2679 700 2755 utrumque
723 2675 781 2740 tibi
803 2675 954 2758 effugiunt
978 2676 1156 2760 praecludit
1176 2683 1208 2740 et
1231 2693 1325 2739 orune

376 2789 460 2870 cogit
482 2795 517 2852 ut
539 2797 689 2872 exempta
712 2789 876 2855 concedas
895 2789 957 2856 tine
979 2797 1113 2876 patere.

374 2923 447 2966 narn
471 2903 537 2968 sive
561 2909 610 2967 est
632 2903 746 2985 aliquit
769 2903 854 2984 quod
878 2906 1013 2987 probeat
1034 2905 1218 2986 efficiatque

375 3039 437 3099 quo
460 3016 554 3080 ruinu'
579 3038 641 3098 quo
664 3018 794 3082 missurn
818 3023 866 3082 est
887 3020 996 3086 veniat
1018 3020 1136 3102 linique
1158 3021 1321 3098 1999199,

376 3133 441 3196 sive
463 3131 552 3198 foras
575 3132 696 3208 fertur,
719 3153 782 3196 nou
806 3139 855 3198 cst
877 3154 897 3198 a
919 3134 981 3199 lino
1002 3135 1199 3218 profectum.

300 3265 350 3312 999
375 3243 435 3310 199
457 3253 551 3330 pacto
575 3265 692 3328 sequar
714 3251 832 3330 atque,
856 3269 930 3313 oras
952 3249 1006 3312 ubi
1029 3269 1163 3330 cumque
1186 3248 1302 3313 locaris

377 3367 555 3443 extremas,
580 3381 734 3442 quaeram
757 3361 834 3444 quid
856 3362 920 3428 telo
944 3361 1082 3444 denique
1104 3363 1179 3428 liat.

374 3474 428 3539 fiet
450 3474 495 3538 uti
519 3495 675 3557 nusquam
697 3477 800 3561 possit
821 3477 995 3543 consistere
1021 3478 1114 3560 finis,

376 3589 594 3671 effugiumque
618 3589 716 3674 fugae
736 3591 876 3675 prolatet
898 3591 991 3676 eopia
1013 3611 1160 3676 semper.

418 3705 588 3770 Praeterea
611 3706 749 3788 spatium
772 3707 908 3771 summai
929 3707 1026 3772 totius
1049 3725 1143 3771 omne

300 3835 350 3882 999
376 3816 517 3898 undique
541 3819 566 3884 sl
589 3820 744 3885 inclusum
768 3821 862 3886 certis
886 3820 1074 3886 consisteret
1100 3821 1166 3886 oris

376 3931 561 4015 finitumque
584 3933 688 4012 toret,
710 3935 774 3998 ioru
796 3935 892 4019 copia
916 3935 1063 4000 materiai

376 4045 515 4129 undique
537 4047 734 4132 ponderibus
757 4047 870 4114 solidis
893 4048 1053 4114 confluxet
1075 4049 1117 4114 ad
1137 4051 1255 4135 iurum,

379 4319 428 4366 951
448 4316 571 4364 intonsum
591 4311 605 4382 Η
625 4316 674 4364 966
694 4329 799 4364 omnus.
826 4311 839 4382 ΙΙ
866 4315 965 4364 97119
992 4313 1005 4383 ll
1030 4318 1077 4365 981
1100 4317 1158 4366 tier.
1179 4315 1193 4386 Η
1218 4319 1269 4366 984
1288 4313 1390 4364 seatium
1409 4301 1476 4374 11985

380 4403 491 4453 inclusus
510 4403 524 4470 Η
545 4404 594 4452 987
615 4401 740 4452 conduxit
