3036 5150
322 373 364 440 82
858 371 892 440 II

320 536 409 629 419
431 565 462 630 v,
478 546 508 628 3,
524 545 590 612 59.
614 543 793 631 dactylicos
824 551 928 610 autem
952 544 1100 612 heroicos
1123 545 1215 610 binos
1236 545 1279 610 ite
1299 562 1410 630 semper

320 648 575 730 coniunxerunt,
597 653 633 712 ut
655 647 807 712 continue
821 653 906 713 esset
920 667 1025 730 neque
1042 648 1220 733 interrupta
1241 640 1410 733 συνάφεια.

321 770 399 834 ergo
422 749 475 816 hic
496 749 572 836 pedi
593 755 684 816 sexto
699 750 863 834 spondeus
880 750 1048 834 convenit,
1066 770 1131 816 non
1147 751 1311 816 trochaeus
1327 749 1412 814 ,(111-

320 855 389 940 tylo
411 853 465 936 qni
487 872 565 918 usus
587 853 629 918 sit
650 872 749 917 unum
764 852 914 920 Ovidium
930 854 1082 935 invenio,
1100 853 1240 918 simodo
1254 873 1358 920 verum
1371 858 1414 916 est

321 977 394 1023 eum
402 957 434 1022 in
445 956 745 1040 metamorphoseon
753 956 877 1041 xrr,395
889 955 1178 1041 scripsisseBerda
1186 969 1256 1022 erae
1265 957 1414 1041 incepimus,
1505 995 1506 1002 κ

320 1059 436 1126 barbae
450 1058 536 1124 coloe
551 1081 688 1140 aureus,
711 1083 871 1146 aureoque
891 1064 930 1124 eu
951 1059 1069 1124 umeris
1083 1057 1202 1124 medice
1216 1082 1302 1125 como
1315 1058 1415 1145 depen-

321 1161 413 1228 debat
433 1163 469 1226 iu
490 1183 617 1227 armoe:
639 1179 714 1226 nem
736 1162 935 1247 exemplario
949 1161 1037 1226 bono
1053 1167 1084 1226 et
1098 1161 1233 1244 antiqua
1247 1163 1350 1227 omniu
1368 1159 1416 1224 hs·
1505 1145 1506 1230 l

321 1264 398 1332 bent
419 1287 520 1330 aureo
539 1265 595 1330 Ex
616 1266 757 1330 umere‘e.
781 1263 843 1329 hoc
869 1263 1078 1330 certissimum
1107 1270 1176 1346 est,
1200 1283 1364 1350 perperam
1388 1264 1416 1327 in
1505 1281 1506 1320 i

321 1366 445 1432 Horatii
468 1386 651 1432 sermonum
673 1389 694 1451 1,
710 1367 740 1452 2,
757 1367 799 1434 62
821 1365 993 1452 plerosque
1015 1363 1155 1432 scribere
1177 1367 1260 1454 quid
1277 1367 1418 1432 auur-Ee
1505 1355 1506 1396 ³

320 1471 356 1535 iu
377 1481 523 1535 metrone
543 1469 664 1534 cucilla
683 1493 831 1556 peccesne
857 1468 990 1554 topace?
1011 1474 1044 1534 et
1070 1469 1218 1552 imperito
1240 1471 1365 1536 Servius
1389 1469 1417 1532 in

321 1570 486 1638 Aeneidos
508 1592 539 1653 x,
555 1571 620 1638 496
647 1571 725 1638 dicit
752 1572 989 1658 hypermetrnm
1016 1589 1145 1637 versum
1168 1591 1241 1639 csse
1264 1591 1356 1658 posse
1376 1573 1417 1635 ie·

320 1676 430 1740 mansit
445 1673 594 1762 pondera
616 1675 715 1740 baltei
733 1681 974 1763 impressumque
996 1673 1111 1761 mefac.
1142 1674 1177 1740 in
1206 1673 1339 1740 disticho
1365 1673 1419 1739 olc-

321 1777 415 1861 gicco
432 1775 578 1843 Catullus
600 1775 728 1863 syllaba
750 1778 849 1860 longe
871 1795 948 1842 usus
971 1782 1020 1842 est
1044 1777 1157 1861 llum,
1182 1777 1308 1860 Peme,
1330 1799 1418 1856 area,
1505 1783 1506 1836 1

320 1881 461 1968 imperties
487 1879 586 1945 oileus
611 1879 774 1966 saltusque
796 1878 997 1967 paludesque
1021 1883 1123 1966 eisque
1145 1879 1191 1945 ad
1211 1881 1419 1968 Hyperboreos
1505 1891 1506 1900 ’

321 1997 349 2049 et
369 2006 459 2048 marc
479 1980 524 2046 ed
545 1980 723 2048 Oceanum.

409 2086 479 2151 120.
503 2083 699 2149 donemus
715 2132 723 2150 .
740 2083 838 2169 Apud
854 2086 995 2152 Nonium
1010 2106 1042 2170 p.
1055 2086 1118 2170 6,6
1135 2087 1297 2170 (loomim
1312 2083 1350 2150 de
1364 2101 1419 2166 quo

322 2189 445 2255 dicetur
467 2185 511 2252 cd
533 2186 650 2252 librum
673 2207 704 2270 v,
720 2187 782 2254 85.
799 2187 841 2252 cd
861 2189 1011 2273 proximu
1026 2187 1216 2254 scholiastes
1233 2187 1352 2256 Luceni
1365 2205 1420 2251 res

322 2292 401 2378 picit
421 2289 504 2356 libro
519 2310 562 2373 rx,
578 2288 643 2357 563
657 2339 665 2368 ‚
680 2289 734 2356 ubi
756 2288 837 2356 hoec
858 2290 1027 2372 leguntur.
1044 2291 1109 2356 Hie
1124 2292 1289 2378 euemplur
1304 2291 1420 2378 posuit,

321 2393 490 2460 Lucretius
512 2392 691 2478 ememplore
709 2393 836 2478 posuit,
859 2417 916 2458 mos
937 2395 971 2458 e'm
993 2417 1054 2458 usu
1076 2393 1255 2478 exemplum
1277 2393 1421 2460 de'eemue:

321 2495 400 2562 adeo
422 2496 528 2560 cencio
549 2507 622 2560 suut
644 2495 789 2562 Latium
810 2495 1014 2561 scribendum
1040 2501 1090 2561 est
1117 2520 1174 2561 uec
1196 2497 1233 2562 im
1253 2523 1314 2562 usu
1334 2519 1421 2562 mem·

314 2598 463 2687 plurinum
478 2595 634 2662 dicemus:
648 2598 696 2663 sie
711 2598 796 2664 enim
811 2595 980 2682 dicebant,
997 2596 1058 2663 hoc
1073 2598 1320 2684 exemplarium,
1335 2596 1421 2662 huius

322 2699 530 2787 exemplarii,
554 2699 615 2765 hoc
636 2701 850 2787 ememplmu'o,
873 2699 949 2765 item
972 2700 1125 2766 altarium
1147 2707 1179 2766 et
1200 2702 1337 2766 ultumi).

410 2801 480 2868 134.
505 2822 733 2867 coucrnrsnn
750 2801 848 2868 ,Itali
869 2809 902 2868 et
923 2802 1074 2887 impr'cssi
1098 2822 1352 2868 concrursnu.

410 2905 1420 2988 136.1urunsseunucus,Insecusronnorsunomsrons

321 3029 558 3074 nscrssuur.
576 3008 800 3092 Antiquissimi
823 3015 1018 3074 correctores
1041 3029 1230 3074 orsurus.
1253 3015 1320 3074 tum
1334 3009 1421 3072 Anto·
1505 2999 1506 3014 ¹

321 3113 394 3180 nius
410 3112 504 3178 Marii
520 3111 651 3198 Ictaque
666 3135 747 3197 quoe
762 3136 886 3198 por-rc,
904 3110 1060 3176 Marullus
1075 3130 1147 3176 cum
1163 3111 1280 3177 ceteris
1294 3113 1421 3198 Ipseque

322 3240 403 3302 quoe
422 3239 518 3301 porro
534 3213 637 3301 poulo
659 3215 793 3296 maiore,
817 3213 915 3280 verbo
938 3213 1138 3278 substantivo
1161 3219 1275 3278 contra
1293 3209 1418 3278 Lucretii

278 3401 282 3410 ¹
322 3317 583 3386 consuetudinem
606 3313 773 3381 deficiente
796 3363 803 3378 .
831 3317 938 3399 itaque
961 3315 1046 3380 mulo
1069 3315 1209 3402 Ipsaque
1230 3307 1418 3380 enororro

250 3489 255 3499 ,
316 3420 418 3506 paulo
439 3421 564 3486 maiora
586 3419 765 3484 lacessunt.
795 3417 856 3484 hoc
884 3417 1059 3500 adverbio,
1088 3415 1175 3499 quod
1197 3417 1337 3485 Lucretii
1357 3435 1419 3502 pro·

322 3521 427 3606 prium
449 3541 520 3588 esse
543 3525 674 3606 putant,
704 3520 847 3586 Lucilius
874 3539 1002 3603 quoquc
1025 3539 1101 3586 usus
1124 3525 1173 3586 est
1195 3520 1228 3584 in
1250 3521 1331 3588 libro
1352 3539 1418 3600 xxx,

321 3647 454 3710 speruus
477 3624 595 3690 laetare
615 3647 664 3690 me
686 3623 816 3690 eaedem
830 3625 926 3690 Haece
945 3647 1101 3710 proporro
1121 3645 1214 3709 posse
1236 3635 1265 3688 et
1286 3643 1418 3688 maneum

322 3749 362 3790 ee
375 3747 428 3792 ore
443 3723 610 3809 daturum,-
625 3744 705 3808 quae
721 3725 822 3792 verbe
836 3725 969 3792 nutricis
985 3730 1079 3791 sunt:
1097 3725 1130 3790 in
1145 3724 1242 3790 Nonii
1258 3745 1291 3809 p.
1305 3723 1371 3805 140,
1385 3717 1418 3784 13

321 3826 395 3892 libri
417 3851 551 3915 sperone
572 3841 703 3894 aetutem
724 3827 854 3894 eumdem
876 3829 951 3894 daec
971 3827 1121 3916 proferro
1141 3841 1265 3915 poscet.

409 3929 480 3994 144.
511 3931 663 3995 Pnruuu
684 3951 836 3994 succus
859 3951 984 3994 novoe
1006 3951 1081 3994 cum
1103 3949 1264 3996 seruere
1287 3942 1417 3992 nuurre

322 4052 486 4096 nunnus.
504 4033 727 4117 Antiquissimi
743 4039 938 4100 correctores
954 4053 1051 4098 soro
1066 4081 1073 4095 .
1090 4031 1249 4115 Vergilius
1265 4025 1417 4098 Aeneidos

320 4152 364 4217 rx,
379 4135 443 4201 459
469 4135 598 4201 Etiam
616 4137 726 4222 prima
748 4159 826 4202 uoco
848 4137 1017 4224 eparpebat
1039 4136 1156 4200 lumime
1178 4149 1280 4201 terras
1305 4125 1420 4198 Toleni

320 4261 461 4302 croceum
483 4237 628 4324 lemquems
650 4238 770 4303 aurore
791 4239 892 4303 cubile
902 4263 914 4321 ,·
942 4237 1029 4322 quod
1051 4235 1183 4303 Servius
1207 4233 1416 4302 Lucretianum

321 4359 393 4406 csse
416 4339 518 4405 dicit.
535 4345 670 4424 apparet
691 4345 798 4406 autem
820 4340 997 4424 Vergilium
1020 4339 1174 4424 temporis
1196 4333 1416 4422 significatione

320 4441 485 4528 occepisse
497 4443 657 4528 mimum,
674 4460 739 4506 non
755 4442 896 4528 ordinis,
913 4449 947 4508 ut
964 4441 1135 4509 Creechius
1148 4449 1180 4509 et
1191 4435 1415 4507 Wakefieldue.
