3052 5144
598 453 626 518 li

10 647 45 692 roo
67 631 96 690 et
115 643 231 708 eyonea
251 625 334 690 mete
357 623 570 705 Phoebeaque
592 622 731 688 daedala
752 623 879 690 ehordis

64 738 195 804 carmina
217 739 373 804 consimili
394 739 517 804 ratione
537 755 694 822 oppressa
716 738 866 804 silerent:

65 871 192 935 namque
213 852 286 918 aliis
308 853 397 918 uliud
417 852 630 936 praestantius
652 859 855 918 exereretur.

66 968 170 1032 oedere
191 967 265 1032 item
288 973 372 1034 retro
398 969 529 1050 possent
550 966 583 1030 in
606 965 780 1032 deteriores

65 1082 159 1146 omnia
179 1081 226 1146 siu
248 1067 365 1165 partis,
382 1087 417 1146 ut
438 1081 577 1146 diximus
599 1080 632 1144 in
652 1080 813 1146 melioris:

10 1217 44 1262 >ro
64 1214 189 1278 namque
212 1196 284 1262 aliis
305 1195 395 1260 uliud
417 1201 502 1260 retro
526 1215 653 1277 quoque
675 1195 808 1260 taetrius
831 1201 918 1260 esset

63 1309 180 1374 naribus
200 1310 332 1375 auribus
354 1316 450 1392 atque
472 1310 573 1374 oeulis
596 1309 723 1393 orisque
746 1310 873 1392 sapori.

65 1443 139 1505 quae
160 1425 308 1506 quoniam
332 1444 394 1488 non
416 1430 508 1502 sunt,
525 1423 584 1490 sed
605 1425 702 1490 rebus
722 1422 848 1490 reddita
870 1429 957 1488 uerte

64 1537 126 1602 finis
146 1539 304 1621 utrimque
326 1543 412 1604 tenet
433 1545 607 1622 summam,
624 1539 744 1604 fateare
768 1545 930 1606 neeessest

63 1653 213 1718 materiem
237 1671 367 1735 quoque
391 1654 487 1718 tinitis
510 1653 636 1718 differre
658 1652 788 1738 figuris.

9 1787 44 1832 eu
65 1767 188 1849 denique
211 1768 256 1831 ab
278 1767 406 1850 ignibus
430 1767 471 1832 ad
495 1767 620 1850 gelidas
642 1768 701 1833 iter
723 1788 823 1850 usque
846 1768 978 1851 pruinas

64 1880 200 1946 finitumst
222 1888 373 1964 retroque
396 1883 465 1964 pari
488 1883 612 1947 ratione
635 1887 861 1946 remeusumst.

64 1995 150 2058 ambit
170 1997 257 2060 enim
280 1995 369 2060 oalor
391 2016 431 2060 ae
453 1995 573 2080 frigus,
598 1995 754 2078 mediique
777 2002 905 2078 tepores

63 2109 267 2191 interutraque
290 2109 396 2174 iacent
418 2111 584 2195 explentes
607 2110 718 2174 ordine
741 2130 916 2174 summurn:

67 2241 128 2304 ergo
149 2224 234 2289 finita
259 2224 380 2290 distant
401 2225 525 2290 ratione
547 2230 676 2302 ereata,

9 2353 49 2398 seir
69 2339 178 2422 aneipiti
202 2339 356 2420 quoniam
379 2340 521 2404 mucroni
543 2339 701 2420 utriunque
723 2343 892 2414 notantur,

65 2447 123 2514 hine
141 2451 280 2517 flammis
301 2453 389 2518 illiue
412 2453 523 2534 rigidis
545 2453 661 2518 infesta
683 2453 824 2538 pruinis.

100 2563 201 2651 [Quod
225 2567 379 2648 quoniam
403 2566 516 2646 docui,
533 2587 665 2652 pergam
688 2575 852 2632 eoneotere
876 2587 942 2632 rem
965 2585 1050 2648 quae

63 2699 96 2744 ex
116 2679 172 2746 hoe
193 2687 275 2765 apta
296 2679 391 2748 iidem
415 2681 529 2766 ducat,
545 2680 721 2766 primordia
742 2701 865 2764 rerum,

62 2794 132 2861 inter
152 2819 187 2866 se
210 2799 309 2866 simili
331 2817 417 2880 quae
438 2803 510 2862 sunt
531 2795 672 2882 perfeeto
693 2795 814 2879 figura,

8 2921 42 2971 tes
62 2909 169 2977 infinita
190 2915 321 2980 eluere.
338 2911 454 2976 etenim
477 2909 628 2975 distantia
650 2929 722 2974 euru
744 2910 784 2974 sit

60 3021 220 3092 iormarum
243 3028 355 3110 finita,
371 3044 503 3092 neeesse
526 3031 574 3090 est
596 3045 680 3108 quae
703 3024 824 3090 similes
846 3022 909 3088 sint

61 3157 122 3204 esse
142 3141 304 3220 infinitas,
321 3147 377 3206 aut
399 3159 555 3206 summam
576 3138 724 3204 materiai

62 3253 172 3322 finitam
194 3263 366 3340 constare,
381 3255 414 3320 id
436 3255 522 3337 quod
544 3275 607 3318 nou
629 3271 700 3318 esse
723 3249 879 3338 probavi]

97 3371 240 3436 Protinus
264 3369 432 3436 ostendam
455 3368 645 3452 eorpuseula
666 3365 812 3430 materiai

8 3497 40 3543 uo
60 3501 93 3546 er
113 3485 232 3550 infinito
257 3505 413 3550 summam
435 3505 540 3550 rerum
562 3501 663 3564 usque
685 3487 814 3563 tenere,

60 3598 190 3682 undique
213 3601 340 3685 protelo
363 3600 530 3683 plagarum
554 3597 759 3662 eontinuato.

60 3730 124 3776 num
147 3715 234 3797 quod
257 3734 331 3778 rara
352 3713 443 3778 vides
466 3713 569 3795 magis
592 3729 663 3776 esse
685 3709 839 3774 animalia
862 3705 1043 3790 quaedam,

59 3825 285 3910 secundamque
306 3829 411 3892 minus
432 3833 575 3891 naturam
599 3824 703 3890 uernis
725 3824 759 3888 in
781 3823 865 3908 iliis,

60 3943 88 4002 et
107 3943 240 4027 regione
261 3943 398 4024 loeoque
422 3941 487 4006 ulio
509 3939 666 4021 terrisque
686 3938 816 4002 remotis

65 4241 159 4291 tlised
172 4245 315 4294 omissum.
338 4241 352 4312 Η
372 4245 423 4293 514
442 4241 547 4292 infinitis
567 4239 581 4309 ΙΙ
601 4243 651 4292 515
669 4239 809 4302 hiemisque
829 4235 842 4307 ΙΙ
863 4241 912 4288 517
926 4237 1015 4287 Omnis
1035 4233 1049 4304 ΙΙ
1069 4237 1119 4286 518
1132 4235 1174 4283 In-

65 4335 95 4374 ter
111 4337 227 4392 utresque
247 4329 261 4397 Η
282 4333 333 4382 520
346 4330 440 4394 Aneipi
461 4326 475 4395 ΙΙ
495 4331 543 4379 521
565 4328 618 4378 Hin
631 4328 745 4392 flammps
765 4323 779 4394 ΙΙ
799 4325 893 4376 insessa
913 4325 926 4392 Η
948 4327 997 4373 525
1018 4322 1139 4372 Versibus
1159 4319 1173 4386 ΙΙ

65 4413 108 4460 ses
124 4415 205 4482 squ
