3110 5146
688 361 733 426 Vl
1200 362 1263 436 375

154 533 256 615 luno,
273 531 436 597 Saturnel.
450 553 471 615 ι,
482 534 519 612 9,
538 531 716 596 Patulcium
728 545 757 597 et
770 532 963 614 Oluubium,
975 534 1053 618 quia
1064 532 1142 596 bella
1153 533 1264 598 eaubre

154 635 224 702 eius
235 647 345 720 pateat
355 684 364 717 ,
375 657 457 720 pace
468 632 681 700 clauduntur.
696 633 857 717 glossaria
874 629 1077 722 aspirator,
1093 635 1198 700 menia
1211 671 1262 717 -,

153 736 287 802 caulas.

239 839 314 905 496.
337 858 373 902 rs
395 857 537 901 renen
559 858 757 903 nrurssus.
772 838 947 904 Lambinus
969 860 1175 904 ururssus.

239 940 314 1008 498.
336 961 499 1005 vrsssrr.
515 941 590 1006 Itali
612 947 645 1006 et
666 940 813 1026 impressi
836 962 997 1005 vrsusu.

239 1044 313 1112 500.
336 1043 387 1108 ne
409 1063 591 1128 suemus,
607 1063 651 1107 nr
673 1062 822 1114 seusu.
838 1042 942 1110 Iidem
964 1065 1095 1110 uusrs.

238 1145 314 1213 502.
336 1144 596 1210 Senos-rnen.
611 1144 713 1211 Iidem
735 1165 848 1211 ιιιιιι.

239 1249 313 1316 503.
335 1246 596 1314 Coscrurusr.
612 1246 789 1314 Brixiensis
812 1246 911 1314 editio
926 1247 1185 1334 Gouerrruur,
1203 1249 1261 1315 Ve-

151 1351 301 1419 ronensis
323 1349 553 1418 Goaauderdat.

237 1454 312 1520 509.
335 1452 532 1519 Gosrrnrs
557 1471 674 1516 susus
701 1472 738 1516 vr
766 1473 877 1518 venri
903 1472 1261 1517 u1rrnnrcnursur

152 1557 413 1622 Durxrcrrss.
433 1553 505 1620 Hae
530 1553 705 1620 absurdum
732 1573 805 1620 esse
832 1560 905 1638 post
931 1553 1118 1622 Oreeebium
1144 1555 1262 1622 Wake-

152 1657 270 1724 fieldus
284 1656 462 1723 intellexit.
478 1654 536 1721 sed
551 1655 579 1721 is
595 1661 776 1722 eommentu
790 1655 992 1740 ineptissima
1006 1655 1173 1723 effundere
1195 1677 1260 1723 mu·

16 1815 19 1824 .
151 1761 213 1828 luit
235 1777 333 1842 quem
354 1759 388 1824 in
416 1777 514 1842 veru,
531 1756 617 1842 quad
643 1764 750 1824 temen
777 1757 965 1841 invenerat,
982 1756 1209 1843 adquiescere.
1226 1759 1260 1825 id

151 1867 225 1930 erut
245 1881 415 1926 susurre
436 1861 576 1927 multare.

238 1965 312 2032 511.
336 1963 453 2030 (lours
480 1982 679 2027 urrruonurr
707 1981 855 2026 runssrr
883 1981 984 2027 noes
1014 1983 1163 2028 coscrs
1190 1965 1262 2031 Ue·

152 2088 251 2132 eurr
274 2085 417 2132 surnno
439 2083 568 2128 rurum
590 2085 635 2128 se
656 2084 767 2128 rserr
782 2084 972 2129 rursusne
987 2086 1135 2130 rueris.
1154 2067 1261 2131 Turba

151 2187 298 2234 usroxe
318 2166 476 2233 llarullus
489 2215 497 2232 .
512 2171 577 2232 turn
600 2165 760 2249 oblongus
789 2167 918 2252 Urpite,
934 2173 970 2232 ut
991 2187 1088 2234 versu
1110 2168 1172 2234 481
1202 2169 1261 2234 Ur-

148 2273 219 2359 pr‘t.
236 2269 380 2336 eiusdem
395 2273 555 2348 comentur
576 2270 671 2356 Urpet
686 2281 715 2335 et
729 2293 745 2335 a
759 2293 873 2356 supero
895 2291 1033 2333 resurr
1046 2317 1054 2336 .
1069 2269 1128 2336 sed
1143 2271 1261 2338 Wake-

152 2371 271 2438 fieldus
293 2377 380 2438 reete
401 2371 587 2438 observavit
601 2371 782 2437 Lucretium
805 2391 931 2456 semper
946 2372 1070 2438 dixisse
1093 2398 1133 2440 eu
1147 2399 1261 2460 supero

151 2473 430 2559 ιι,227241248ε
445 2472 532 2539 idem
545 2492 622 2539 vero
635 2472 721 2557 quod
733 2493 770 2539 se
781 2493 846 2538 nen
859 2473 1027 2540 erubuisse
1037 2474 1148 2540 scribit
1159 2495 1199 2540 ex
1216 2476 1261 2540 in·

151 2576 253 2661 genio
268 2599 309 2642 eu
323 2575 511 2654 restituere,
527 2581 560 2642 et
573 2574 683 2642 rubori
698 2581 730 2642 et
750 2575 881 2659 ingenio
897 2595 1030 2661 paruere
1044 2577 1168 2661 potuit,
1183 2577 1210 2643 si
1227 2576 1261 2643 id

150 2699 218 2763 quo
239 2685 332 2744 vetus
355 2678 513 2763 scripture
534 2675 621 2744 dueit
642 2677 919 2764 reprehendisset,
946 2679 1060 2764 Urpet,
1080 2700 1126 2742 nx
1148 2703 1261 2765 supero

147 2783 286 2869 mand.
302 2779 408 2864 magis
419 2779 549 2864 proprie
561 2779 600 2845 de
610 2803 739 2865 supero,
752 2799 816 2864 qno
828 2778 961 2844 Plautus
973 2797 1049 2844 usus
1061 2786 1129 2863 est,
1145 2779 1261 2846 dieitur

150 2901 249 2968 qnam
271 2881 425 2970 desuper,
441 2880 527 2965 quod
550 2886 624 2948 unte
638 2880 816 2964 Vergilium
831 2901 852 2946 s
867 2881 1007 2948 Caesare
1026 2879 1168 2946 debello
1184 2882 1260 2947 Gal-

149 2985 217 3051 lieo
232 3006 253 3068 r,
264 2983 350 3076 525
365 2983 515 3067 seriptum
536 3001 688 3050 essenon
704 2980 822 3066 eredo,
839 2980 897 3046 sed
920 2981 958 3046 de
979 3005 1093 3068 supero
1114 2983 1259 3049 vuluera-

149 3101 243 3153 rent.
259 3087 298 3152 de
312 3087 459 3172 superuis
474 3085 639 3150 Vitruvius
659 3085 693 3149 in
707 3106 739 3167 x,
752 3085 781 3168 l,
795 3085 836 3162 3,
852 3083 907 3166 qui
923 3102 1096 3167 numquam
1112 3083 1194 3150 din't
1208 3084 1259 3151 de-

150 3210 270 3273 super:
285 3186 318 3252 in
333 3185 447 3252 eudem
467 3186 548 3252 libro
566 3187 614 3269 16,
630 3187 670 3254 10
691 3185 890 3272 exemplaria
904 3191 1016 3250 velere
1031 3185 1147 3252 vitiose
1170 3187 1259 3254 desu-

146 3313 273 3376 per-ua,
284 3309 344 3374 pro
356 3287 395 3356 da
405 3313 541 3376 superno
552 3339 561 3372 ,
573 3288 634 3354 nisi
648 3288 765 3356 fallor.
781 3285 945 3354 simillime
957 3287 1005 3354 bis
1017 3292 1091 3353 sunt
1101 3287 1259 3375 daphne,

150 3391 191 3458 de
212 3391 335 3472 subita,
351 3391 390 3457 de
410 3404 556 3478 repente.

237 3493 310 3560 514.
334 3513 438 3558 sonus
465 3513 582 3559 surra
607 3515 692 3558 rurs
720 3513 915 3558 csuonuu.
939 3491 1164 3574 Antiquissimi
1192 3515 1260 3560 eer-

150 3602 292 3662 reutorss
315 3617 478 3664 ostoun.
494 3621 590 3684 super
611 3617 675 3663 non
692 3603 741 3662 est
760 3595 921 3680 desuper,
938 3601 973 3660 ut
995 3595 1153 3680 expressit
1169 3596 1261 3662 (lree-

150 3697 259 3781 ebius,
272 3697 330 3764 sed
343 3699 476 3784 iusuper
486 3747 494 3784 ,
506 3705 675 3784 praeterea
688 3747 695 3764 .
712 3700 745 3764 in
757 3717 804 3783 ur,
814 3697 877 3763 672
889 3697 954 3764 Gur
965 3721 1063 3783 super
1074 3711 1146 3764 aare
1158 3711 1259 3766 aotam

149 3813 281 3868 aeduum
289 3803 469 3878 ,manubiae
480 3802 669 3888 nequimus?
679 3806 712 3866 et
722 3801 782 3867 901
792 3823 852 3865 aee
865 3800 925 3864 ribi
934 3823 1044 3864 aarum
1057 3798 1128 3866 Iam
1139 3801 1260 3868 deride-

149 3908 235 3972 rr'um
246 3913 353 3971 rerum
364 3927 459 3990 super
469 3901 586 3968 iasr'det
595 3927 662 3968 uua
675 3954 682 3970 .
697 3903 729 3966 in
740 3923 761 3988 1,
770 3901 833 3968 648
848 3902 895 3968 eiu
906 3913 1016 3986 partes
1028 3902 1060 3988 ip
1066 3902 1117 3966 uir
1130 3903 1259 3970 eandem

149 4009 309 4074 Naturam
331 4030 428 4092 quara
442 4017 523 4071 tatus
537 4005 627 4070 laba
641 4009 737 4090 super
756 4004 842 4088 iprrr‘s
856 4003 1022 4068 lahama.
1039 4001 1072 4068 in
1097 4023 1126 4088 r,
1140 4005 1203 4071 163
1217 4007 1260 4072 Et

149 4135 208 4176 erar
219 4122 306 4175 terra
315 4121 408 4196 queat
415 4108 524 4174 lunam
531 4106 670 4192 spoliare
681 4107 822 4171 vrbrbsim
831 4104 966 4170 laumiue
978 4116 1007 4168 et
1017 4127 1202 4191 oppressum
1212 4133 1258 4172 sa·

150 4212 210 4278 lem
224 4233 320 4298 super
340 4212 414 4297 ipsa
434 4221 536 4274 terrere
548 4210 563 4273 1
577 4205 713 4275 Ovidius
732 4213 858 4272 metum.
876 4225 928 4288 ss,
941 4205 1004 4270 308
1019 4205 1168 4272 Plurima
1190 4233 1260 4274 uum

150 4313 281 4378 sudeam
291 4311 404 4378 audita
411 4323 467 4376 aut
477 4311 602 4396 aqqaita
609 4310 697 4375 nadis
703 4359 713 4392 ,
725 4311 837 4376 Pauca
844 4335 941 4397 super
951 4310 1107 4396 referam.
1121 4308 1259 4375 Serenus

150 4413 338 4480 Semonieus
350 4414 411 4480 957
425 4412 517 4496 (989)
537 4413 610 4478 Noa
624 4411 725 4477 solum
740 4414 871 4480 musra
886 4411 1056 4478 deterrima
1061 4411 1170 4496 febris
1181 4410 1258 4475 ada·

150 4517 193 4580 rit
202 4563 212 4598 ,
227 4514 293 4582 sed
304 4539 400 4601 super
415 4527 519 4599 aptata
528 4515 637 4601 perpit
657 4512 792 4580 viduare
807 4537 939 4602 sopore.
955 4511 1054 4576 Silius
1069 4513 1101 4576 in
1117 4533 1183 4596 vrrr,
1200 4515 1257 4577 121
