2996 5148
323 468 386 532 208
865 461 909 526 VI

323 633 486 718 suscipere
508 631 589 698 haee
611 633 709 697 animi
733 632 907 714 tranquilla
929 651 1011 717 pnoe
1036 633 1181 699 valebis.

323 749 398 815 inde
420 746 529 813 videre
552 747 626 812 lioet
649 745 754 827 qualis
776 745 840 810 iam
863 749 930 814 vita
952 755 1125 831 sequatur.

266 887 299 934 so
324 885 418 947 quarn
443 863 571 944 quidem
595 870 629 928 ut
651 861 787 928 anobis
809 864 891 928 ratio
914 864 1083 930 verissima
1105 865 1202 948 lenge

322 979 453 1062 reiciat,
471 997 663 1060 quamquam
686 985 760 1042 sunt
783 999 803 1042 n
823 999 875 1044 me
898 979 998 1044 rnnlta
1019 977 1184 1063 profecta,

324 1094 423 1158 multu
445 1100 552 1158 tamen
575 1099 695 1158 restant
718 1099 749 1158 et
771 1100 845 1158 sunt
866 1093 1013 1160 ornanda
1035 1094 1142 1178 politis

324 1208 490 1275 versibus:
508 1216 557 1274 est
579 1209 661 1274 ratio
685 1206 830 1292 fulgendi
852 1209 964 1292 visque
986 1209 1140 1292 tenendi,

325 1331 397 1391 sunt
421 1331 626 1414 tempestates
650 1329 682 1389 et
705 1323 839 1389 fulmina
858 1325 948 1390 alara
970 1323 1137 1400 canenda,

268 1461 300 1508 ee
327 1439 425 1528 [qnid
449 1440 571 1506 iaciant
592 1447 623 1504 et
645 1459 709 1521 qua
733 1439 772 1506 de
797 1461 894 1506 eausa
917 1459 1053 1522 eumque
1074 1439 1246 1521 lerantnr3

326 1577 364 1622 ne
388 1555 528 1640 trepides
550 1557 634 1621 eaeli
657 1555 769 1622 divisis
792 1555 936 1640 partibus
959 1575 1090 1640 amens,

250 1725 252 1728 .
324 1671 408 1736 unde
431 1671 545 1736 volans
568 1671 652 1754 ignis
676 1673 857 1756 pervenerit
879 1672 987 1735 autin
1010 1678 1114 1736 utram
1137 1691 1174 1738 se

324 1787 455 1852 verterit
479 1785 551 1850 hino
573 1785 710 1870 partini,
728 1807 791 1868 quo
813 1793 907 1870 paeto
931 1805 989 1870 per
1010 1787 1081 1852 loea
1103 1791 1196 1870 septa

324 1902 511 1978 insinuarit,
527 1909 559 1968 et
581 1902 654 1966 hino
676 1902 859 1968 dominatus
880 1907 917 1966 ut
938 1901 1086 1968 extulerit
1107 1900 1186 1988 se]

267 2037 299 2083 oo
325 2037 458 2100 qnorum
482 2037 614 2100 opernm
638 2037 753 2084 causas
777 2016 873 2082 nulle·
889 2017 1013 2084 ratione
1034 2017 1143 2084 videre

326 2137 460 2215 possunt
483 2151 522 2198 ao
544 2132 611 2198 tisri
636 2132 744 2198 divino
768 2133 898 2200 numine
920 2139 1049 2200 rentur.
1098 2147 1102 2154 ·

325 2252 358 2310 tn
381 2246 456 2310 rnihi
482 2267 650 2331 supremae
672 2248 871 2331 praesoribta
894 2247 936 2312 ad
959 2248 1100 2314 eandida
1122 2247 1221 2314 oalois

325 2363 461 2426 onrrenti
485 2363 624 2447 spatium
646 2368 887 2447 praemonstra,
906 2363 1025 2428 oallida
1047 2383 1137 2428 musa

326 2476 491 2560 Calliope,
510 2479 637 2560 requies
659 2477 821 2544 hominum
846 2477 1018 2560 divomque
1041 2479 1209 2563 voluptas,

268 2611 299 2658 ee
325 2597 356 2655 te
378 2591 459 2658 duee
483 2599 517 2657 ut
538 2593 656 2675 insigni
680 2593 805 2677 eapiarn
829 2613 900 2660 eurn
923 2593 1018 2659 lande
1036 2611 1212 2660 eoronam.

364 2707 524 2790 Principio
547 2708 665 2774 tonitru
689 2709 871 2790 quatiuntur
895 2709 1025 2774 caerula
1048 2709 1128 2774 oaeli

324 2829 497 2906 propterea
521 2823 596 2904 quia
620 2831 810 2888 oonourrunt
832 2823 1137 2889 sublimerolantes

324 2935 487 3002 aetheriae
511 2939 611 3002 nubes
634 2945 745 3004 eontra
768 2937 974 3023 pugnantibu'
998 2938 1122 3004 ventis.

326 3073 384 3117 nee
407 3053 440 3118 iit
462 3053 547 3118 eninr
570 3053 692 3118 sonitus
716 3053 796 3118 oaeli
819 3053 860 3118 de
882 3060 974 3138 parte
997 3071 1131 3136 serena,

253 3186 301 3232 roo
326 3188 432 3232 verunr
457 3169 509 3232 ubi
534 3188 669 3250 euntque
694 3168 796 3252 magis
819 3169 919 3234 denso
943 3174 1017 3232 sunt
1040 3169 1167 3250 agmine
1191 3169 1324 3255 nubes,

326 3287 392 3346 tarn
413 3282 515 3366 magis
539 3283 612 3348 hino
634 3303 753 3366 magno
775 3283 918 3348 fremitus
940 3282 975 3348 iit
998 3302 1155 3348 rnurruure
1177 3303 1305 3368 saepe.

326 3405 492 3480 praeterea
515 3416 618 3480 neque
641 3403 707 3462 tam
730 3395 894 3463 condenso
918 3419 1051 3482 eorpore
1074 3399 1175 3464 nubes
1368 3379 1373 3387 ¹

328 3532 399 3577 esse
423 3521 540 3594 queunt
563 3533 657 3596 quam
681 3512 902 3597 suntlapides
925 3533 971 3578 ao⁴
987 3515 1096 3598 tigna,
1112 3533 1219 3594 noque
1243 3523 1361 3583 auteur

326 3634 391 3692 tarn
414 3635 525 3692 tenues
550 3647 644 3710 quani
668 3634 743 3694 sunt
765 3628 903 3694 nebulae
928 3629 1069 3710 lirmiquo
1090 3628 1260 3694 volantes:

256 3764 303 3810 roe
328 3763 403 3807 nani
429 3743 544 3808 eadere
560 3744 610 3844 „ab
633 3742 725 3808 bruto
749 3743 902 3808 deberent
923 3744 1065 3828 pondere
1088 3763 1222 3828 pressae

326 3865 359 3922 ut
381 3859 527 3944 lapides,
543 3865 598 3922 ant
621 3863 655 3922 ut
677 3831 783 3924 fumis
807 3865 955 3924 constare
978 3859 1145 3942 nequirent

328 3991 385 4038 neo
408 3974 557 4039 cohibere
580 3971 670 4038 nives
694 3972 820 4054 gelidas
844 3981 875 4038 et
897 3973 1065 4058 grandinis
1087 3973 1220 4038 imbris.

332 4275 365 4323 83
384 4283 410 4323 et
426 4273 492 4323 ratio
510 4275 636 4338 caelioque
655 4277 781 4326 tenenda.
806 4274 819 4342 Η
845 4279 877 4326 84
896 4277 1003 4326 flumina
1027 4272 1040 4342 Η
1066 4279 1099 4326 86
1119 4278 1232 4342 trepidas
1255 4277 1271 4350 ΙΙ
1293 4287 1328 4333 8ῖ
1350 4297 1455 4350 pum*

332 4371 368 4410 rot
393 4365 406 4428 Η
433 4365 464 4410 91
485 4363 529 4412 tier
553 4363 566 4430 Η
593 4367 624 4412 92
645 4364 793 4428 prescribita
812 4379 842 4416 aa
866 4361 879 4430 Η
903 4364 993 4414 callia.
1018 4361 1037 4432 lt
1056 4367 1089 4414 95
1108 4365 1178 4415 laudi
1205 4365 1220 4435 ΙΙ
1250 4373 1304 4422 102
1326 4373 1453 4433 Prettrup
1496 4429 1497 4432 Ἴ

332 4466 409 4500 nure.
430 4444 443 4516 ll
466 4453 514 4500 103
535 4452 637 4516 pepirles
655 4469 685 4502 eo
704 4452 776 4516 ligna
796 4453 810 4520 Η
834 4455 881 4502 105
901 4453 941 4500 ari
