3110 5146
673 359 702 424 V
1181 362 1243 430 321
1305 423 1308 428 .

5 617 6 620 Ἴ
133 546 204 594 oum
221 527 345 594 oboram
359 547 431 618 erue
445 529 516 595 vult
530 528 681 615 ‘undique
697 544 715 596 e
729 531 907 616 longinquo
923 531 1141 618 audiendum’,
1158 531 1244 600 ferae

132 629 307 698 ‹tooursmn
322 619 449 717 aquab,
465 633 521 719 qui
543 633 599 701 vir
614 632 721 700 audiri
744 639 871 720 potent,
888 634 1010 702 frustra
1024 634 1110 702 clare
1128 635 1245 703 audire

5 735 6 802 3
131 735 225 803 iubet
237 785 245 801 .
259 733 361 802 nihilo
383 735 489 802 minus
503 736 555 802 bio
577 737 697 804 fautum
712 742 762 804 eat
783 736 817 803 id
839 737 926 822 quod
948 738 1085 824 dieitur,
1101 744 1246 806 mutuum

130 838 233 906 muli:
248 857 325 914 nam
340 835 481 904 Orelliue
498 837 640 908 editione
658 839 762 908 altera
776 839 902 908 ‘bonam
919 841 1014 908 l'orb.
1030 842 1129 908 eoni.’
1146 862 1245 927 quam

131 939 211 1008 dioit
225 939 362 1026 ‘reoepit'
376 991 383 1007 .
399 960 459 1007 noa
481 947 587 1010 autem
609 941 777 1010 videamus
798 943 963 1029 potiundo
982 944 1158 1029 analogia.
1173 964 1244 1012 rer·

131 1043 209 1112 bum
231 1049 282 1110 eat
295 1043 419 1130 antiqui
440 1043 520 1112 iuria
535 1043 656 1131 publici
671 1046 853 1134 abripere:
867 1045 902 1112 id
926 1047 982 1130 qui
997 1047 1129 1133 saepius
1146 1047 1243 1135 fauit,

131 1147 480 1214 Ounnrorrrrrnam
505 1149 592 1231 quod
620 1147 695 1215 libri
720 1148 822 1216 nostri
850 1173 867 1214 o
893 1149 1032 1216 litteram
1060 1170 1120 1236 pro
1144 1177 1167 1239 p
1190 1172 1244 1218 ex-

129 1249 274 1334 hibent,
301 1253 440 1318 attentoo
472 1248 585 1318 horum
618 1251 918 1318 eommontariornm
955 1251 1092 1320 lautores
1124 1255 1244 1322 morari

128 1374 200 1422 non
221 1351 338 1420 debet.
353 1352 465 1438 itaque
478 1353 639 1442 abripere
653 1360 686 1420 et
707 1335 891 1443 olon‘pit'ore
906 1360 973 1420 tam
995 1361 1081 1422 reete
1096 1355 1244 1424 dieantur

126 1475 232 1544 ,quam
241 1457 581 1544 puorryorapuriporo
595 1457 657 1543 (aio
664 1456 768 1523 Varro
782 1475 889 1523 rerum
900 1457 1091 1524 rusticanum
1104 1459 1177 1544 11,4‚
1189 1459 1244 1546 14)

128 1558 301 1648 perpetum
304 1557 476 1647 subripere
489 1560 647 1647 rerniporo
656 1559 804 1646 mitipore
818 1559 957 1646 lene'pure
968 1559 1097 1647 limpore
1111 1562 1243 1650 turpare

128 1662 328 1748 obiurpitore
337 1663 511 1750 naubare.
527 1662 765 1751 darupaorbnem
776 1667 882 1729 autem
897 1681 1002 1729 rernm
1017 1665 1242 1749 repetitionem

129 1783 206 1834 eaeo
228 1763 307 1830 satio
329 1769 476 1832 oomtat.
491 1764 601 1848 itaque
615 1765 743 1849 legatur
765 1783 838 1830 oum
852 1763 1042 1849 olurigatum
1055 1768 1166 1860 ¹eapite
1187 1789 1243 1836 re·

128 1868 200 1936 lato
222 1865 277 1932 illo
299 1865 504 1952 mittebatur,
520 1866 594 1932 illos
608 1865 756 1958 hominen
778 1867 918 1953 illaeque
932 1887 984 1934 ren
999 1867 1113 1936 dedier
1128 1889 1241 1956 expoe-

129 1970 248 2038 oobat.
263 1969 359 2053 itam,
376 1967 463 2054 quod
478 1974 529 2036 aot
546 1969 634 2056 apud
649 1970 776 2039 Livium
790 1971 825 2038 in
847 1971 990 2056 vm,14·,
1006 1971 1162 2040 Veliterni
1178 1993 1243 2059 qno

128 2080 278 2159 tompore
292 2073 371 2139 innui
393 2077 487 2139 orant
507 2077 596 2138 bana
610 2071 751 2140 Tiberim
774 2073 942 2160 habitare,
959 2074 1028 2142 eiua
1051 2075 1107 2161 qui
1128 2077 1175 2144 oie
1190 2077 1243 2143 'Pi-

127 2175 237 2244 berim
262 2173 483 2261 deprehensns
512 2181 546 2242 et
571 2181 683 2260 eaptus
710 2183 796 2244 emet
822 2197 925 2262 mque
951 2177 995 2244 ad
1024 2178 1112 2245 mille
1133 2180 1242 2265 pondo

127 2297 244 2348 aoanm
264 2283 335 2345 erat
355 2276 545 2363 olarigatio,
560 2277 595 2344 id
617 2284 667 2344 eat
685 2280 852 2365 repetitio;
868 2280 956 2364 quod
977 2299 1035 2348 aas
1056 2281 1179 2350 aoilioet
1200 2283 1241 2350 ab

127 2383 205 2470 ipro
228 2380 282 2448 vel
303 2399 373 2448 aro
387 2379 518 2466 publiea
531 2380 768 2449 Veliternorum
787 2383 985 2460 solveretur.
1001 2383 1045 2451 ad
1061 2384 1123 2452 hoo
1137 2405 1243 2452 exem-

128 2483 223 2572 plum
235 2481 325 2568 (nam
334 2483 496 2571 clarique-i
502 2483 622 2571 aliquia
633 2491 754 2572 potest,
766 2487 917 2570 quoniam
925 2488 1065 2554 altwino
1074 2488 1242 2576 oloriqatr'o

128 2589 197 2669 eet)
220 2591 319 2673 polita
340 2584 419 2652 dioit
439 2581 559 2653 flumen
577 2585 665 2654 ieras
688 2607 707 2655 e
728 2588 911 2673 montibus,
927 2589 960 2654 in
983 2589 1099 2675 quibus
1121 2589 1163 2656 ad
1186 2611 1244 2678 pa·

128 2689 211 2758 bula
231 2688 419 2772 quaerenda
432 2694 632 2773 evagantur,
649 2689 742 2774 quari
756 2690 960 2779 coeptura,
977 2691 1038 2757 hoo
1053 2698 1102 2759 est
1115 2691 1242 2777 semper

127 2798 279 2880 repetere
294 2797 327 2858 et
346 2791 557 2877 rooolligere,
573 2791 726 2876 quoniam
747 2799 880 2880 propter
898 2794 984 2860 sitim
1006 2813 1043 2862 se
1057 2793 1101 2870 ad
1121 2815 1241 2879 aquam

47 2969 50 2974 ,
127 2895 277 2983 reoipere
298 2901 475 2980 eoguntur.

218 2997 292 3066 948.
315 2997 516 3082 Dabrona,
542 3015 653 3064 uoru‘
671 3017 809 3084 ruore,
837 3019 1058 3064 eruvrsrura
1092 3019 1240 3066 rrum

128 3119 325 3169 renuatur
362 3101 630 3167 Nrurrrruuu.
663 3098 860 3168 Sententiam
895 3101 1051 3188 pervertit
1086 3101 1242 3172 Marullus

126 3203 302 3274 seribendo
324 3203 503 3290 nordoupi:
517 3203 579 3270 boo
599 3208 706 3270 tomen
727 3202 783 3270 ille
804 3203 1007 3272 Wakefieldo
1032 3203 1148 3270 reotiuu
1170 3223 1241 3272 aen-

128 3309 171 3376 ait
184 3359 193 3394 ,
208 3305 424 3394 nympharum
446 3305 559 3373 domos
574 3305 683 3392 inepte
698 3312 730 3373 et
743 3312 872 3392 praeter
887 3327 955 3374 rem
971 3306 1035 3373 diei
1057 3312 1152 3372 notus
1168 3326 1241 3374 osae

128 3411 238 3480 eolere
259 3407 443 3476 bominibus
469 3409 587 3476 oireum
608 3409 826 3494 vagantibus.
842 3408 901 3476 sed
926 3410 1006 3478 eatis
1029 3414 1079 3476 est
1100 3409 1241 3477 seribere

128 3533 246 3596 vaur,
268 3517 305 3576 ut
325 3511 388 3596 ipsi
409 3510 456 3576 illi
478 3510 572 3596 primi
593 3513 747 3580 mortales
769 3511 969 3580 indioentur.

217 3613 290 3682 949.
314 3633 451 3685 oureus
483 3635 504 3678 r
537 3635 691 3680 scrauur
717 3633 843 3680 uuour
872 3633 1041 3678 ruunnrr
1069 3617 1240 3682 Lnnrron

127 3737 348 3784 raonuvrur
369 3737 492 3782 uranu
514 3738 660 3782 urrann
675 3737 797 3782 uurnu
820 3736 938 3782 saxa.
954 3717 1004 3784 lta
1019 3717 1240 3806 membranae,

129 3821 248 3910 quodue
273 3819 433 3904 combam
447 3819 534 3904 qood
560 3839 632 3886 oum
658 3821 900 3906 Hareroampne
926 3827 1013 3888 reete
1045 3821 1240 3908 rettulisset,

128 3932 240 3992 umen
262 3940 357 3988 nemo
378 3921 460 3988 vidit
489 3909 604 3988 littorio
631 3921 781 3990 diiunctis
807 3921 1011 3990 seribendum
1033 3943 1105 3992 eme
1127 3925 1242 4011 qarbuo

128 4049 147 4091 e
173 4023 317 4089 erubunt.
334 4023 410 4090 olim
436 4023 584 4110 impressi
610 4025 783 4109 mendant,
801 4025 876 4094 Itali
906 4027 1052 4111 auriono,
1068 4025 1242 4093 Wakefiel-

129 4125 193 4194 dun
207 4125 373 4192 mebant.
388 4127 447 4194 ned
459 4128 586 4214 fluenta
608 4127 720 4214 putide
743 4147 782 4194 ao
796 4146 949 4213 pervorse
964 4128 1114 4195 diduntur
1134 4151 1242 4195 umore

129 4227 286 4296 lubnba:
312 4227 421 4312 itaque
453 4228 674 4297 Wakefieldue
710 4249 732 4296 a
763 4229 909 4296 Bentleio
947 4229 1058 4298 debuit
1094 4230 1243 4315 aooipere

129 4331 263 4396 unonr'
276 4330 422 4416 flumin,
438 4351 503 4417 qno
526 4351 562 4400 ee
577 4331 672 4399 homo
693 4330 794 4398 mirus
809 4331 893 4398 nihil
911 4353 1061 4418 umquam
1082 4331 1242 4398 infelieius

128 4431 255 4499 vidiore
276 4439 408 4499 narrat.
424 4433 578 4519 deinoepa
605 4432 692 4520 apud
714 4432 855 4501 Nonium
880 4455 913 4521 p.
925 4435 1033 4520 504,8
1055 4435 1153 4521 paulo
1175 4453 1242 4500 roo

129 4535 195 4602 tius
216 4535 371 4621 seriptum
392 4541 482 4604 extat
496 4537 665 4624 petavio.

922 4677 927 4686 ·
973 4639 1013 4705 21
