3020 5146
357 445 417 508 130
554 422 556 428 ’
890 433 947 496 uu

278 633 328 679 455
352 617 418 674 turn
442 608 577 691 vigilare
599 614 708 672 tamen
730 605 823 672 nobis
846 611 877 670 et
898 605 1043 670 membru
1065 623 1194 670 movere

354 732 464 792 nostro
484 723 649 800 videmur,
666 729 698 788 et
720 722 752 788 in
775 723 877 786 noctis
900 721 1039 804 caligine
1062 739 1161 786 00000

355 860 485 906 eernere
508 858 676 906 censemus
699 837 799 902 solem
823 837 994 918 lumenque
1017 836 1184 918 diurnum,

358 955 574 1037 conclusoque
597 955 668 1020 ioco
693 956 817 1020 eaelum
839 973 930 1018 ruore
952 951 1082 1042 flumina
1104 950 1220 1015 montis

356 1077 478 1136 mutere
501 1075 532 1134 et
554 1057 685 1154 0000000
706 1069 844 1155 pedibus
865 1068 1001 1134 transire
1024 1066 1190 1148 videmur,

281 1209 332 1254 400
358 1193 390 1252 et
413 1186 534 1250 sonitus
557 1185 690 1270 audire,
707 1204 821 1250 severa
843 1183 971 1250 silentia
993 1183 1094 1249 noctis

358 1301 500 1380 undique
523 1321 594 1365 cunr
618 1305 782 1378 constent,
798 1305 829 1366 et
853 1299 988 1365 reddere
1010 1299 1095 1364 diota
1117 1301 1281 1362 tacentes.

251 1415 254 1424 ’
357 1421 464 1479 cetera
486 1413 526 1478 dc
548 1434 667 1496 genere
689 1413 750 1480 hoc
772 1414 894 1479 miraoli
917 1413 1018 1478 muita
1040 1411 1205 1488 videmus,

359 1549 441 1611 0000
464 1529 584 1594 violare
607 1529 702 1594 fidem
725 1527 820 1610 quasi
843 1528 990 1594 sensibus
1012 1528 1122 1592 omnic
1144 1529 1330 1608 quaerunt,

357 1663 398 1708 ne
423 1643 596 1724 quiquam,
613 1643 764 1724 quonium
786 1663 862 1726 pers
885 1643 997 1706 horuru
1020 1640 1163 1706 nruxima
1184 1638 1269 1702 follit

284 1780 334 1825 405
359 1763 491 1842 propter
513 1759 659 1841 opinatus
683 1758 803 1835 animi,
820 1776 901 1840 quos
924 1755 1073 1822 addimus
1094 1755 1176 1838 ipsi,

358 1894 415 1956 pro
439 1873 515 1938 visis
538 1880 572 1936 ut
595 1873 657 1938 sint
681 1892 764 1954 0000
787 1893 851 1938 000
874 1879 949 1938 sunt
971 1870 1109 1938 sensibu’
1132 1871 1225 1934 visu:

360 2008 435 2052 uam
459 1989 502 2052 nil
526 1989 655 2070 aegrius
678 1997 727 2054 est
749 2007 846 2070 quarn
869 2005 923 2052 res
945 2005 1115 2052 secernere
1138 1989 1269 2069 apertus

360 2104 401 2168 ab
426 2102 552 2187 dubiis,
569 2105 694 2169 animus
718 2123 797 2187 quas
819 2103 862 2168 sb
885 2123 920 2170 se
943 2103 1087 2186 protinus
1110 2099 1219 2166 addit.

398 2219 547 2300 Denique
570 2219 614 2282 nil
639 2219 710 2284 sciri
734 2219 834 2302 siquis
857 2225 967 2303 putot,
984 2217 1016 2282 id
1040 2235 1173 2299 quoquo
1190 2215 1295 2280 nescit

286 2352 337 2397 rro
363 2351 404 2396 au
428 2331 501 2396 seiri
524 2332 645 2416 possit,
663 2333 813 2416 quoniam
836 2334 879 2398 nii
903 2333 983 2398 scire
1006 2331 1143 2403 fatetur.

360 2445 445 2510 hunc
467 2446 564 2528 igitur·
585 2454 697 2512 contre
720 2449 842 2512 mittam
867 2445 1058 2515 contendere
1081 2463 1233 2527 causam,

363 2561 417 2641 qui
441 2562 546 2644 cupite
569 2561 639 2646 ipsc
663 2583 722 2628 sus
743 2564 776 2628 in
799 2563 908 2628 steterit
930 2562 1065 2646 vestigio
1087 2579 1179 2626 sese.
1197 2555 1201 2565 ⁴

363 2679 394 2738 et
416 2679 523 2738 tumen
547 2675 607 2740 hoc
629 2697 758 2761 quoque
779 2679 825 2742 uti
849 2677 1021 2744 concedam
1044 2675 1144 2758 scire,
1162 2680 1197 2738 at
1218 2674 1252 2740 id
1275 2675 1391 2760 ipsum

365 2807 536 2875 quaerum,
554 2811 625 2856 curn
648 2793 681 2857 iu
702 2793 797 2858 rebus
819 2792 884 2858 veri
908 2792 954 2855 nil
977 2789 1092 2856 viderit
1112 2795 1210 2862 oute,

288 2923 338 2969 ern
364 2904 449 2967 unde
473 2905 553 2970 sciat
576 2905 652 2988 quid
676 2903 1201 2984 01100100010000100010100100,

363 3018 509 3082 notitiam
532 3019 599 3084 veri
622 3039 705 3102 quoe
726 2997 940 3101 000101οἱ000
963 3018 1096 3100 crearit,

365 3139 396 3197 et
418 3133 548 3198 dubium
573 3140 659 3198 certo
683 3154 767 3216 quae
789 3154 842 3200 res
863 3134 990 3198 differre
1013 3131 1173 3217 probarit.

364 3245 507 3312 invenies
530 3247 641 3330 primis
664 3248 704 3312 ab
726 3249 874 3315 sensibus
896 3267 967 3314 esse
991 3253 1130 3312 creatum
1227 3257 1252 3288 ⁴

282 3449 285 3456 .
366 3357 509 3422 notitiem
530 3361 618 3444 veri,
636 3380 740 3443 00000
762 3381 884 3456 sensus¹
899 3381 996 3446 posse
1017 3360 1141 3426 refelli.

291 3487 342 3534 400
365 3489 437 3532 nam
462 3473 580 3536 maiore
603 3473 665 3540 iide
689 3474 785 3540 debet
806 3475 973 3559 reperirier
995 3469 1095 3550 illud,

365 3589 481 3666 sponte
503 3605 563 3650 sua
585 3589 670 3654 ueris
693 3589 779 3671 quod
801 3589 904 3674 possit
925 3589 1052 3654 vincere
1075 3581 1180 3653 suisa:

366 3696 441 3777 quid
464 3699 583 3763 uraiore
606 3702 667 3768 fide
689 3723 784 3787 porro
808 3723 904 3786 quum
927 3721 1040 3768 sensus
1063 3702 1175 3768 haberi

310 3827 314 3836 ·
366 3808 488 3874 debet?
504 3834 546 3878 an
569 3816 609 3880 ab
633 3835 729 3881 seusu
751 3817 832 3882 falso
856 3816 937 3882 ratio
961 3823 1032 3881 orto
1053 3816 1173 3880 valebit

365 3922 473 3989 dicere
497 3945 553 3990 eos
578 3934 808 4012 contra,quue
830 3933 899 3993 tots
920 3931 1132 3996 adsensibus
1155 3935 1225 3994 orta
1248 3933 1333 3996 est?

290 4054 340 4100 405
367 4037 419 4118 qui
442 4039 503 4102 nisi
527 4045 601 4104 suut
622 4042 709 4125 veri,
726 4042 808 4106 ratio
831 4063 958 4126 quoque
981 4044 1064 4110 falsu
1085 4045 1120 4110 iit
1140 4044 1267 4110 omnis.

367 4307 418 4352 4511
439 4305 552 4356 ridoutur
575 4303 588 4374 Η
614 4309 796 4357 4600000110.
821 4307 834 4378 ΙΙ
860 4310 1045 4360 4020100000
1066 4307 1079 4376 ΙΙ
1099 4311 1148 4358 171
1168 4309 1279 4360 misnam
1305 4309 1319 4380 ΙΙ
1346 4317 1401 4365 4ῖ2
1418 4331 1462 4363 sur»
1479 4344 1490 4376 U

369 4395 420 4438 sio
440 4393 572 4441 uicissem.
594 4391 607 4460 ΙΙ
627 4397 677 4442 «179
697 4410 770 4442 seusu
