3020 5146
529 434 587 499 llll

35 632 79 675 noc
98 617 245 695 penetrare
267 617 297 675 et
319 610 407 674 abiro
429 609 463 672 iu
485 627 600 691 corpus
624 625 757 690 corpore
779 611 866 669 toto:

35 725 203 790 nonfacere
225 726 305 790 inter
326 724 402 788 dum
424 722 508 788 velle
531 729 562 785 et
583 726 706 786 certare
727 718 893 784 videntur.

37 839 206 920 usqueadeo
227 839 340 923 cupide
362 839 393 902 in
417 836 550 902 Veneris
573 833 783 918 compagibus
804 833 960 918 haerent,

37 954 147 1018 membra
165 953 332 1037 voluptatis
356 952 431 1017 dum
454 952 485 1016 vi
507 948 671 1014 labefacta
693 948 891 1030 liquescunt.

40 1067 137 1131 tandem
157 1067 206 1130 uhi
227 1085 262 1132 se
284 1068 387 1150 erupit
408 1065 515 1131 nervis
537 1063 681 1128 conlecta
704 1061 841 1146 cupido,

38 1201 109 1262 parva
127 1182 156 1246 fit
176 1182 295 1246 ardoris
318 1181 447 1247 violenti
470 1199 573 1264 pausa
594 1197 785 1261 parumper:

37 1292 91 1358 inde
109 1295 180 1360 redit
200 1297 306 1362 rabies
329 1296 441 1360 cadem
465 1302 496 1359 et
518 1292 605 1358 luror
628 1291 683 1354 ille
707 1291 835 1366 revisit,

37 1425 86 1470 cunr
105 1409 155 1473 sihi
177 1409 249 1490 quid
272 1410 404 1494 cupiant
425 1409 487 1493 ipsi
510 1407 694 1488 contingere
717 1411 893 1488 quaeruut,

36 1539 78 1591 nee
95 1524 218 1608 reperire
239 1525 361 1588 malurn
384 1523 416 1586 id
440 1529 574 1607 possunt
597 1541 679 1602 quae
703 1520 850 1586 machina
872 1520 999 1584 duent.

38 1637 207 1715 usqueadeo
228 1639 341 1704 incerti
362 1639 530 1702 tabescunt
552 1637 682 1701 volnere
706 1655 822 1700 caeno.

62 1751 133 1816 ,ldde
154 1752 234 1834 quod
255 1753 429 1818 absumunt
449 1751 524 1816 viris
548 1757 745 1834 pereuntque
767 1749 899 1824 labore,

35 1861 96 1927 adde
115 1866 190 1946 quod
212 1866 348 1932 alterins
370 1866 430 1932 suh
452 1869 529 1930 nutu
554 1864 680 1948 degitur
702 1869 813 1928 aetas.

36 1975 123 2042 labitur
140 1981 256 2046 interea
281 1999 333 2046 res
356 1988 387 2044 ct
410 1979 608 2064 Babylonica
629 1979 727 2062 fiunt,

37 2089 152 2174 hngnent
170 2095 275 2163 ostiola
297 2102 392 2178 atque
415 2099 563 2175 aegrotat
585 2093 672 2156 lama
693 2092 870 2156 vacillans.

43 2214 166 2286 argentum
188 2217 219 2275 et
240 2211 375 2295 pulchra
396 2209 429 2272 in
452 2205 588 2293 pedibus
611 2205 761 2290 Sicyonia
784 2204 907 2288 rident,

43 2320 140 2406 scilicet,
156 2331 187 2389 et
208 2323 353 2410 grandes
375 2323 467 2388 viridi
491 2343 559 2388 cum
583 2322 654 2386 luce
677 2319 841 2402 zmaragdi

42 2451 94 2498 arro
109 2436 326 2515 includuntur,
341 2440 516 2520 teriturque
538 2436 718 2502 thalassina
739 2435 836 2500 vestis

38 2545 135 2617 adsidue
156 2559 187 2619 et
208 2553 345 2619 Veneris
368 2552 517 2619 sudorem
541 2549 684 2618 exercita
706 2555 815 2634 potat.

36 2664 137 2732 sthene
157 2674 250 2751 perta
273 2675 397 2750 petmm
421 2667 498 2732 liunt
519 2665 735 2742 condomam,
753 2664 885 2740 mitrae,

36 2773 180 2844 interdum
201 2783 235 2846 in
258 2781 382 2866 pollam
404 2788 501 2863 atque
524 2778 682 2844 elidensia
704 2779 825 2860 Ciaque
848 2781 991 2842 vertunt.

35 2893 125 2962 enimin
145 2907 231 2966 veste
255 2906 289 2966 et
310 2895 394 2962 victu
416 2893 584 2971 convivia,
600 2892 730 2979 lychni,

32 3011 122 3088 pocula
141 3015 273 3100 crebra,
290 3017 473 3096 unguenta,
492 3027 651 3092 coronae,
668 3012 773 3090 serta,
790 3011 961 3090 parantur,

32 3139 60 3182 ne
78 3126 235 3213 quiquam,
253 3128 407 3211 quoniam
430 3123 535 3191 medio
559 3122 600 3188 de
622 3122 709 3187 sonte
731 3120 875 3206 leporum

32 3239 110 3318 surgit
129 3245 228 3308 amari
253 3243 388 3326 aliquit,
405 3239 491 3324 quod
512 3240 545 3304 in
568 3237 647 3322 ipsis
669 3235 800 3304 floribus
822 3237 943 3316 angat,

32 3359 71 3413 ant
88 3373 150 3420 cnm
172 3359 321 3425 conscius
343 3357 413 3442 ipse
435 3355 561 3422 animus
584 3373 620 3419 se
642 3352 723 3418 forte
745 3349 905 3415 remordet

32 3463 166 3538 desidiose
189 3493 290 3558 agere
313 3477 452 3538 aetatem
474 3468 647 3550 lustrisque
670 3467 794 3550 perire,

32 3590 70 3642 nur
88 3585 164 3666 quod
186 3587 220 3652 in
243 3586 395 3668 ambiguo
418 3585 547 3650 verbum
569 3581 713 3648 iaculata
735 3577 880 3662 reliquit,

33 3697 98 3774 qnod
119 3701 232 3786 cupido
257 3700 399 3767 adfixum
424 3698 510 3764 cordi
533 3697 666 3764 vivescit
689 3701 723 3760 ut
743 3693 847 3779 ignis,

32 3820 70 3873 aut
89 3814 213 3881 nimium
236 3817 357 3881 laetare
380 3813 490 3880 oculos
512 3812 650 3878 aliumve
672 3809 754 3874 tueri

32 3927 98 4002 qnod
117 3937 205 4012 putat
226 3931 262 3995 in
283 3929 433 4011 voltuque
456 3925 541 3992 videt
561 3925 699 4008 vestigia
721 3923 824 3990 risus.

34 4227 84 4276 lllt
102 4231 213 4282 coniecta
233 4227 247 4297 Η
271 4232 337 4280 1118
357 4231 425 4294 quod
446 4229 457 4296 li
481 4231 545 4278 1121
567 4228 629 4277 utris
649 4223 661 4294 Η
685 4226 750 4275 1123
770 4221 908 4286 babylonie
932 4216 945 4288 Η
972 4221 1038 4268 1124
1057 4217 1130 4282 vigil·

32 4307 88 4360 lun.
112 4313 123 4380 ΙΙ
152 4319 218 4368 1123
238 4316 376 4380 Unguenta
402 4313 416 4386 ll
447 4318 512 4366 1129
531 4315 595 4366 flunt
620 4311 633 4382 ll
665 4314 730 4364 1130
750 4307 873 4360 elidendo
890 4307 997 4372 ahisque
1024 4302 1038 4372 ll
1064 4308 1128 4356 1131

32 4397 97 4450 loidi.
115 4399 127 4472 ll
148 4406 222 4464 1131Ι
234 4403 355 4468 ambiquo
