3096 5142
326 397 512 474 228Ι
855 393 902 460 IV

325 587 385 634 nee
406 566 577 634 verborum
599 563 679 632 ordo
701 565 821 652 patitur
843 585 903 630 neo
925 564 971 630 rei
995 564 1097 649 ratio,
1114 583 1209 648 qnam
1232 561 1358 648 exposui
1378 559 1416 626 ad

324 689 453 738 versum
477 669 558 736 166.
574 673 671 754 polita
701 666 834 752 dignum
862 667 1048 734 sossium
1077 666 1264 753 respondent
1288 667 1320 731 s'rr
1341 687 1417 750 aqua

323 772 491 840 radiantia
512 791 640 835 nunno
653 817 666 836 .
1527 821 1528 850 p

409 874 483 941 216.
505 873 595 937 nms'
617 893 806 938 suranus.
822 873 860 938 In
882 871 965 938 libro
988 877 1100 958 sexto,
1116 871 1170 938 ubi
1193 871 1225 938 hi
1248 889 1355 939 versus
1375 889 1418 935 re
1527 939 1528 956 p

324 983 474 1058 eumont,
490 976 554 1043 922
575 997 680 1040 urrrr
702 982 759 1042 aut
780 981 866 1042 oerte
886 975 961 1041 mitr'
969 1023 977 1042 .
1527 973 1528 1058 i

409 1079 481 1146 218.
506 1079 782 1151 Pueroruoouu
808 1099 972 1144 sunssu.
988 1077 1026 1144 In
1053 1083 1145 1145 sexto
1172 1097 1337 1142 sununs.
1358 1095 1420 1143 rer·

322 1203 393 1251 sum
408 1181 589 1269 proximum
603 1181 728 1248 Nonius
751 1202 769 1248 e
785 1181 865 1248 latro
881 1195 994 1270 quarto
1016 1179 1140 1265 profert
1154 1181 1271 1267 ρ.247,
1284 1179 1342 1264 11,
1357 1177 1420 1244 sine

322 1286 396 1353 libri
420 1305 553 1352 numero
575 1305 606 1371 p.
619 1285 766 1372 310‚33.

408 1388 480 1454 220.
504 1407 650 1452 nxnsos
671 1407 896 1453 usososuu.
913 1389 950 1454 ln
972 1391 1064 1454 sexto
1085 1405 1313 1452 noseorum.

393 1491 480 1558 223.
503 1511 721 1562 orsorsoun
736 1510 896 1556 course.
912 1489 1002 1556 Haeo
1012 1508 1077 1554 una
1091 1507 1163 1555 oum
1174 1509 1272 1556 versu
1282 1485 1419 1574 proximo

321 1619 362 1663 aa
382 1616 416 1658 rv
438 1595 585 1661 merus·
603 1593 729 1660 Gellius
758 1593 926 1680 proposuit
954 1592 988 1657 in
1016 1590 1100 1658 libro
1122 1613 1143 1677 1,
1155 1591 1215 1657 21.
1232 1591 1361 1658 Servius
1382 1586 1420 1654 ud
1527 1621 1528 1664 p

321 1695 496 1781 georgioon
511 1717 545 1782 11,
557 1695 619 1761 247
635 1696 795 1762 Amator.
811 1693 1010 1761 nmorando.
1028 1707 1055 1762 et
1077 1707 1122 1760 est
1142 1718 1245 1761 sermo
1266 1693 1406 1761 Lartem
1413 1739 1419 1755 .

406 1799 479 1866 228.
502 1797 574 1865 229.
598 1798 802 1863 Puaruuuo
829 1817 998 1870 ouoursu
1026 1817 1231 1882 susumus,
1248 1818 1292 1861 uu
1314 1815 1420 1861 ouum
1527 1801 1528 1872 l

320 1921 467 1967 saunas
489 1899 662 1967 Crassus
689 1919 858 1965 ooonssr
885 1919 993 1964 mons
1015 1920 1058 1964 rr
1085 1921 1242 1964 susurru
1265 1918 1418 1965 roslar.

319 2005 440 2071 Horum
462 2023 612 2071 versuum
634 2003 723 2090 prior,
744 2009 777 2069 et
798 2001 841 2070 ad
863 2023 930 2069 rem
950 2001 1235 2070 demonstrandam
1259 2001 1373 2070 sullioit
1392 2007 1420 2068 et
1527 2037 1528 2060 r

320 2107 521 2174 verissimam
555 2111 699 2192 praestat
731 2105 948 2172 sententiam:
971 2112 1126 2192 perpetuo
1159 2105 1245 2172 enim
1279 2104 1418 2173 sensibus

318 2210 456 2293 utimur,
473 2229 577 2294 neque
599 2209 772 2293 quiequam
794 2207 951 2292 estquod
974 2209 1081 2293 aliquo
1103 2215 1249 2296 tempore
1268 2227 1333 2274 non
1354 2226 1417 2273 sen·

317 2313 435 2380 tiator.
451 2310 510 2378 sed
536 2331 649 2379 versus
677 2311 759 2378 alter
788 2312 897 2378 omnia
922 2312 1093 2396 pervertit.
1109 2331 1184 2377 nam
1215 2330 1290 2378 oum
1317 2329 1418 2378 verum

318 2405 360 2481 sit'
381 2414 490 2482 omnia
511 2433 638 2500 semper
650 2395 792 2493 sentiri,
809 2411 1017 2480 salsissimum
1044 2420 1093 2480 est
1114 2415 1220 2481 eraseris
1247 2439 1367 2503 semper
1387 2412 1419 2476 li-

317 2537 390 2586 oere
416 2537 547 2584 osmero
573 2517 702 2584 odorari
732 2523 764 2584 et
796 2517 915 2583 sentire
944 2535 1083 2602 souare,
1107 2515 1200 2601 quasi
1228 2536 1341 2583 omnes
1372 2533 1419 2580 ros

317 2619 464 2686 omnibus
486 2619 635 2686 sensibus
657 2619 780 2706 peroipi
801 2619 947 2706 possint.
964 2617 1082 2685 deinde
1103 2635 1174 2684 oum
1196 2618 1232 2684 in
1254 2617 1418 2706 superiori·

317 2721 377 2788 bus
392 2741 506 2788 sensus
524 2722 670 2806 singulos
687 2727 987 2806 commemorasset,
1003 2719 1128 2805 visum,
1144 2720 1312 2804 auditum,
1329 2719 1419 2787 oliae-

316 2831 403 2908 tum,
419 2831 558 2909 laetum,
574 2831 721 2911 gustum,
738 2824 827 2890 ouius
850 2823 961 2890 iudioii
984 2829 1052 2906 est,
1068 2821 1123 2888 ubi
1139 2823 1249 2889 omnia
1271 2823 1419 2909 oompleo-

307 2925 416 3008 ¹tenda
431 2933 524 3011 sunt,
541 2934 671 3010 gustum
683 2925 849 2993 omitteret
866 2945 962 3013 quam
974 2925 1097 3011 puerile
1109 2932 1237 3010 autom,
1254 2932 1419 3012 postquam

314 3030 431 3095 sentire
454 3027 495 3094 de
516 3034 603 3094 taotu
625 3026 743 3093 dietum
767 3034 816 3095 est
837 3029 885 3114 (in
909 3029 992 3094 huno
1014 3047 1142 3094 sensum
1166 3027 1252 3092 enim
1274 3029 1419 3094 seminus

315 3130 380 3197 iam
404 3131 542 3197 ooartari
564 3127 694 3214 debet),
711 3127 752 3196 de
774 3129 887 3196 auditu
909 3132 1025 3196 iterum
1047 3129 1161 3196 eodem
1175 3130 1335 3195 voeabulo
1356 3127 1417 3210 uti,

314 3234 430 3300 sentiro
451 3257 564 3300 sonore
577 3233 590 3298 l
604 3230 665 3296 hoo
687 3251 758 3296 oum
781 3231 893 3298 durum
916 3231 1071 3319 loquendi
1093 3251 1196 3316 genus
1218 3231 1356 3297 Marullo
1376 3229 1418 3294 ri·

313 3334 442 3401 deretur
473 3334 627 3419 (duritiae
657 3352 787 3400 oausam
813 3354 977 3420 ‘exponam
1005 3337 1081 3399 mox
1107 3332 1151 3399 ad
1173 3353 1302 3398 versum
1325 3331 1416 3408 244),

312 3437 442 3522 soripsit
468 3451 496 3503 er
521 3439 636 3504 sentim
663 3459 824 3520 sonorem,
844 3437 1021 3504 Lambinus
1034 3423 1175 3520 autem,
1192 3455 1232 3502 ne
1259 3435 1311 3502 bis
1338 3434 1417 3500 idem

312 3537 445 3604 verbum
472 3543 582 3620 esset,
606 3537 760 3606 exaudire
786 3563 951 3606 sonorem.
973 3537 1032 3606 sed
1060 3537 1211 3622 quoniam
1239 3557 1343 3621 neque
1370 3535 1417 3601 his

312 3637 444 3705 multum
466 3637 652 3725 proficimus
674 3639 761 3706 etin
784 3640 866 3707 libro
888 3647 980 3709 sexto
996 3641 1059 3708 933
1086 3639 1194 3706 omnia
1216 3637 1259 3704 ad
1281 3639 1416 3704 litteram

312 3739 426 3807 eadem
441 3747 535 3827 sunt,
552 3741 670 3808 reotius
686 3740 828 3809 dioemus
840 3742 925 3809 huno
938 3763 1067 3811 versum
1079 3741 1121 3807 ab
1137 3761 1176 3807 eo
1191 3739 1416 3826 interpolatore

311 3841 471 3908 adiootnm
494 3863 585 3930 esse,
601 3863 696 3928 quem
719 3844 785 3911 iam
805 3845 1000 3931 aliquotiens
1023 3852 1125 3912 artem
1139 3848 1255 3930 poetae
1276 3861 1342 3908 non
1363 3839 1415 3906 od-

310 3949 452 4010 seoutum
475 3944 635 4014 vidimus.

395 4044 468 4112 235.
492 4047 708 4114 Conuovnr
731 4069 774 4112 su
802 4070 838 4112 ns
861 4071 1064 4117 sensurus.
1086 4049 1124 4115 In
1151 4054 1287 4132 utroque
1308 4045 1414 4117 oodioe

309 4167 437 4214 erasnm
458 4169 524 4213 nr.

335 4319 341 4330 ,
393 4251 467 4318 237.
490 4272 580 4323 ours
603 4274 790 4318 rsorrru.
810 4255 849 4319 In
872 4254 1013 4338 oblongo
1037 4255 1156 4321 tuorum
1179 4273 1252 4325 auu
1270 4263 1412 4339 proptor.

391 4352 463 4419 240.
487 4375 648 4421 munros.
665 4355 821 4423 Marullus
842 4377 998 4422 murus.

391 4453 463 4520 244.
487 4477 607 4520 russo
641 4457 796 4523 Ersrorr
829 4481 874 4526 uu
912 4479 1110 4524 vrnnuuus
1142 4479 1186 4522 su
1218 4475 1410 4522 turannos·

305 4577 399 4620 onas
434 4577 581 4622 ouaur.
606 4556 766 4627 Infinitivo
795 4559 963 4630 Lueretius
989 4582 1089 4650 saepe
1116 4560 1213 4628 utitur
1245 4579 1302 4645 pro
1336 4575 1409 4624 essu
