3052 5144
284 433 323 497 16
688 425 692 434 '
835 429 850 492 Ι

283 619 355 665 esse
377 599 411 662 in
433 597 529 663 rebus
550 599 646 663 inane
669 605 775 664 tamen
798 593 923 666 fateare
945 609 1130 666 necessest.

209 736 260 782 aco
282 715 445 796 multaque
467 719 633 797 praeterea
654 714 710 778 tibi
733 733 863 798 possum
888 713 1166 781 commemorando

283 837 473 914 argumenta
495 828 589 893 iidem
611 827 706 894 dictis
730 828 904 894 conradere
927 831 1062 894 nostris.

282 963 390 1010 verum
414 944 520 1008 animo
543 943 621 1027 satis
644 942 725 1008 haec
747 944 882 1027 vestigia
905 935 1005 1030 parv'a
1027 945 1141 1027 sagaci

235 1056 237 1060 ’
281 1066 373 1134 sunt,
397 1079 454 1143 per
477 1077 562 1140 quae
584 1057 690 1142 possis
714 1077 909 1143 cognoscere
932 1065 1036 1124 cetera
1059 1065 1145 1124 tute:

182 1195 192 1218 ¹
280 1191 419 1254 namque
442 1191 539 1237 canes
562 1179 596 1236 ut
618 1173 823 1256 montivagae
845 1191 1003 1258 persaepe
1026 1173 1105 1238 ferai

209 1311 259 1354 roo
282 1289 413 1353 naribus
435 1287 601 1352 inveniunt
622 1288 755 1354 intectas
779 1289 890 1354 fronde
913 1289 1057 1370 quietes,

281 1423 351 1467 cum
375 1403 474 1467 semei
496 1402 676 1487 institerunt
697 1403 834 1486 vestigia
857 1413 945 1470 oerta
967 1404 1052 1486 viai,

282 1518 327 1581 sic
350 1517 417 1582 alid
438 1537 477 1581 ex
500 1518 565 1582 aiio
588 1537 644 1602 per
666 1523 698 1582 te
720 1525 785 1583 tute
807 1521 877 1604 ipse
900 1519 1008 1583 videre

282 1632 399 1696 talibus
420 1631 454 1695 in
477 1631 571 1696 rebus
594 1633 714 1716 poteris
736 1653 919 1715 caecasque
942 1633 1083 1698 latebras

281 1747 443 1812 insinuare
465 1747 569 1811 omnis
591 1753 623 1812 et
645 1767 753 1812 verum
777 1748 963 1832 protrahere
985 1748 1081 1812 inde.

209 1883 260 1929 aro
282 1861 367 1944 quod
389 1863 416 1926 si
438 1862 577 1946 pigraris
600 1862 768 1946 paulumve
791 1863 963 1928 recesseris
984 1862 1026 1926 ab
1048 1881 1103 1944 re,

283 1976 343 2040 hoo
365 1975 421 2040 tibi
445 1975 484 2042 de
506 1978 605 2061 plano
628 1997 758 2061 possum
780 1978 984 2062 promittere,
1008 1977 1155 2040 Memmi:

282 2109 382 2172 usque
405 2091 486 2156 adeo
510 2093 619 2176 largos
640 2091 773 2157 haustus
797 2113 814 2158 e
836 2091 967 2158 sontibu'
987 2093 1112 2172 magnis

284 2207 394 2286 lingua
416 2226 487 2270 meo
510 2209 617 2272 suavis
641 2207 697 2270 diti
720 2207 913 2290 depectere
939 2206 1067 2288 fundet,

282 2327 315 2385 ut
338 2341 452 2387 verear
474 2341 514 2385 ne
537 2320 629 2386 tarda
651 2322 739 2405 prius
762 2341 820 2405 per
842 2323 986 2388 membra
1009 2328 1154 2386 senectus

210 2457 260 2504 urs
284 2443 391 2520 serpat
414 2441 447 2501 et
466 2435 499 2498 iu
523 2435 615 2500 nobis
637 2437 713 2502 vitai
737 2437 877 2502 claustra
899 2437 1058 2519 resolvat,

284 2572 379 2634 quam
402 2551 459 2616 tibi
482 2549 522 2614 de
546 2552 659 2632 quavis
682 2573 746 2615 una
768 2571 803 2617 re
826 2552 970 2616 versibus
996 2551 1098 2615 omnis

283 2671 540 2747 argumentorum
564 2665 604 2730 sit
626 2666 719 2750 copia
742 2667 917 2750 missaper
940 2666 1045 2730 auris.

327 2779 391 2868 Sed
415 2801 497 2844 nunc
519 2787 553 2843 ut
575 2787 716 2864 repetam
739 2787 885 2864 coeptum
908 2787 1074 2862 pertexere
1098 2781 1209 2864 dietis,

284 2896 406 2972 ornnis,
431 2901 551 2970 otest,
574 2895 670 2976 igitur
685 2873 750 2980 per
772 2916 807 2960 se
831 2901 947 2958 natura
973 2893 1099 2960 duabus

212 3033 262 3078 ruo
286 3010 426 3075 constitit
448 3011 481 3074 in
504 3009 618 3076 rebus:
642 3029 715 3073 narn
738 3029 873 3094 corpora
895 3017 987 3093 sunt,
1012 3016 1043 3074 et
1065 3010 1180 3084 inane,

284 3127 362 3189 irasc
385 3127 417 3188 in
442 3145 503 3206 quo
527 3125 588 3190 sita
610 3117 683 3189 sunt
706 3132 736 3190 et
759 3145 822 3206 qua
843 3125 971 3189 diversa
992 3131 1176 3190 moventur.

285 3259 399 3323 eorpus
422 3241 504 3302 eninr
528 3259 584 3322 per
608 3261 642 3304 se
665 3240 840 3304 communis
862 3239 991 3304 dedicat
1012 3259 1084 3305 esse

284 3349 416 3432 sensus;
440 3353 490 3418 cui
514 3354 573 3418 nisi
596 3354 701 3437 prima
723 3353 804 3418 fides
826 3352 959 3417 firndata
979 3353 1118 3438 valebit,

286 3469 362 3532 haut
384 3467 442 3531 erit
464 3469 593 3532 occultis
615 3468 655 3533 de
678 3469 773 3534 rebus
796 3488 859 3550 quo
881 3468 1055 3533 referentes

212 3605 262 3650 aas
285 3581 473 3648 continuare
496 3581 595 3645 animi
618 3582 786 3664 quicquam
811 3584 935 3648 ratione
958 3601 1139 3663 queamus„-

283 3705 347 3761 tum
371 3717 466 3781 porro
489 3697 579 3760 locus
601 3715 640 3760 ac
662 3697 821 3779 spatium,
845 3696 931 3778 quod
953 3697 1049 3760 inane
1072 3717 1241 3771 vocamus,

285 3811 310 3874 si
334 3811 454 3874 nullum
478 3810 579 3884 foret,
604 3809 681 3874 haut
702 3831 837 3892 usquam
860 3811 921 3876 sita
943 3830 1079 3894 corpora
1100 3817 1231 3894 possent

285 3947 355 3991 esse
378 3943 481 4006 neque
503 3925 631 3988 omnino
654 3945 811 4006 quoquam
835 3925 962 3990 diversa
984 3943 1113 4002 meare;

284 4040 318 4104 id
340 4039 512 4122 quodiam
534 4057 651 4122 supera
673 4039 731 4105 tibi
754 4041 850 4124 paulo
874 4039 1070 4106 ostendimus
1093 4045 1190 4104 ante.

213 4173 264 4220 430
286 4162 454 4238 praeterea
475 4156 520 4219 nil
543 4161 591 4220 est
613 4155 699 4238 quod
721 4156 826 4239 possis
849 4153 955 4220 dicere
978 4155 1018 4218 ab
1042 4155 1126 4218 omni

298 4313 416 4320 ,.--,-
434 4315 485 4322 ---.-

287 4403 336 4448 edd
357 4398 454 4446 serare
477 4396 489 4464 Η
510 4401 558 4446 411
581 4407 657 4461 prauo
678 4396 691 4465 Η
711 4402 762 4448 412
782 4415 902 4461 ιηιιςιιεκ,
923 4397 936 4466 Η
956 4399 1007 4445 414
1028 4413 1100 4445 urear
